timestamp,symbol,price,qty
2025-12-16 13:29:12,ETHUSDT,2924.87,0.8132
2025-12-16 13:29:13,ETHUSDT,2924.87,0.0024
2025-12-16 13:29:13,ETHUSDT,2924.87,0.0027
2025-12-16 13:29:13,BTCUSDT,86054.64,0.00175
2025-12-16 13:29:13,ETHUSDT,2924.87,0.0018
2025-12-16 13:29:13,ETHUSDT,2924.87,1.9147
2025-12-16 13:29:13,ETHUSDT,2924.87,0.051
2025-12-16 13:29:13,ETHUSDT,2924.87,0.0024
2025-12-16 13:29:13,ETHUSDT,2924.87,0.0027
2025-12-16 13:29:13,ETHUSDT,2924.87,0.0033
2025-12-16 13:29:13,BTCUSDT,86054.63,0.03
2025-12-16 13:29:13,ETHUSDT,2924.87,0.0024
2025-12-16 13:29:14,ETHUSDT,2924.87,0.0027
2025-12-16 13:29:14,ETHUSDT,2924.87,0.0024
2025-12-16 13:29:14,ETHUSDT,2924.87,0.0027

2025-12-16 13:29:14,ETHUSDT,2924.87,0.0027
2025-12-16 13:29:14,BTCUSDT,86054.64,0.00356
2025-12-16 13:29:14,ETHUSDT,2924.87,0.0027
2025-12-16 13:29:14,ETHUSDT,2924.87,0.0027

2025-12-16 13:29:14,BTCUSDT,86054.63,0.00281
2025-12-16 13:29:14,ETHUSDT,2924.87,0.0024
2025-12-16 13:29:14,ETHUSDT,2924.87,0.0024
2025-12-16 13:29:14,ETHUSDT,2924.87,0.0024
2025-12-16 13:29:15,ETHUSDT,2924.87,0.0027
2025-12-16 13:29:15,BTCUSDT,86054.64,0.00062
2025-12-16 13:29:15,ETHUSDT,2924.87,0.0033
2025-12-16 13:29:15,BTCUSDT,86054.64,6e-05
2025-12-16 13:29:15,ETHUSDT,2924.87,0.3391
2025-12-16 13:29:15,ETHUSDT,2924.88,0.0018
2025-12-16 13:29:15,ETHUSDT,2924.88,0.0018
2025-12-16 13:29:15,ETHUSDT,2924.89,0.0018
2025-12-16 13:29:15,ETHUSDT,2924.89,0.0018
2025-12-16 13:29:15,ETHUSDT,2924.9,0.0018
2025-12-16 13:29:15,ETHUSDT,2924.9,0.0018
2025-12-16 13:29:15,ETHUSDT,2924.9,0.0018
2025-12-16 13:29:16,ETHUSDT,2924.9,0.0018
2025-12-16 13:29:16,ETHUSDT,2924.91,0.0018
2025-12-16 13:29:16,ETHUSDT,2924.91,0.005
2025-12-16 13:29:16,ETHUSDT,2924.91,0.0585

2025-12-16 13:29:16,BTCUSDT,86054.64,7e-05
2025-12-16 13:29:16,BTCUSDT,86054.64,0.00034
2025-12-16 13:29:16,ETHUSDT,2924.92,0.0018
2025-12-16 13:29:16,ETHUSDT,2924.98,0.0018
2025-12-16 13:29:16,ETHUSDT,2924.98,0.0018
2025-12-16 13:29:17,ETHUSDT,2924.98,0.0018
2025-12-16 13:29:17,BTCUSDT,86054.64,0.02359
2025-12-16 13:29:17,ETHUSDT,2924.99,0.0018
2025-12-16 13:29:17,BTCUSDT,86054.64,0.00012
2025-12-16 13:29:17,ETHUSDT,2924.99,0.0018
2025-12-16 13:29:17,BTCUSDT,86054.64,8e-05
2025-12-16 13:29:17,ETHUSDT,2924.99,0.1
2025-12-16 13:29:17,BTCUSDT,86054.64,0.06981
2025-12-16 13:29:17,ETHUSDT,2924.99,0.0024
2025-12-16 13:29:17,BTCUSDT,86054.64,0.12908
2025-12-16 13:29:17,ETHUSDT,2924.99,0.0027
2025-12-16 13:29:17,BTCUSDT,86054.64,8e-05
2025-12-16 13:29:17,BTCUSDT,86054.64,8e-05
2025-12-16 13:29:17,ETHUSDT,2924.99,0.0018
2025-12-16 13:29:18,ETHUSDT,2925.0,0.0018
2025-12-16 13:29:18,BTCUSDT,86054.64,8e-05
2025-12-16 13:29:18,ETHUSDT,2925.0,1.0
2025-12-16 13:29:18,BTCUSDT,86054.64,0.12074
2025-12-16 13:29:18,ETHUSDT,2925.0,0.0018
2025-12-16 13:29:18,BTCUSDT,86054.64,0.07775
2025-12-16 13:29:18,ETHUSDT,2925.02,0.0018
2025-12-16 13:29:18,BTCUSDT,86054.63,0.01162
2025-12-16 13:29:18,ETHUSDT,2925.02,0.0018
2025-12-16 13:29:18,ETHUSDT,2925.02,0.016
2025-12-16 13:29:18,BTCUSDT,86054.63,0.00034
2025-12-16 13:29:18,ETHUSDT,2925.02,0.0018
2025-12-16 13:29:18,ETHUSDT,2925.03,0.0025
2025-12-16 13:29:18,BTCUSDT,86054.63,0.00551
2025-12-16 13:29:19,ETHUSDT,2925.03,1.8736
2025-12-16 13:29:19,BTCUSDT,86054.64,6e-05
2025-12-16 13:29:19,BTCUSDT,86054.64,2e-05
2025-12-16 13:29:19,ETHUSDT,2925.03,0.0027
2025-12-16 13:29:19,BTCUSDT,86054.64,0.00012
2025-12-16 13:29:19,ETHUSDT,2925.03,0.0024
2025-12-16 13:29:19,BTCUSDT,86054.64,0.0001
2025-12-16 13:29:19,ETHUSDT,2925.03,0.0027
2025-12-16 13:29:19,BTCUSDT,86054.64,0.00012
2025-12-16 13:29:19,ETHUSDT,2925.03,0.0033
2025-12-16 13:29:19,BTCUSDT,86054.64,8e-05
2025-12-16 13:29:19,ETHUSDT,2925.03,0.0027
2025-12-16 13:29:19,BTCUSDT,86054.64,8e-05
2025-12-16 13:29:19,ETHUSDT,2925.03,0.0027
2025-12-16 13:29:19,BTCUSDT,86054.64,0.00044
2025-12-16 13:29:19,ETHUSDT,2925.03,0.0027
2025-12-16 13:29:19,BTCUSDT,86054.64,0.00067
2025-12-16 13:29:19,ETHUSDT,2925.03,0.0024
2025-12-16 13:29:19,BTCUSDT,86054.64,8e-05
2025-12-16 13:29:19,ETHUSDT,2925.03,0.0024
2025-12-16 13:29:20,BTCUSDT,86054.64,8e-05
2025-12-16 13:29:20,ETHUSDT,2925.03,0.0018
2025-12-16 13:29:20,BTCUSDT,86054.64,8e-05
2025-12-16 13:29:20,ETHUSDT,2925.03,0.0027
2025-12-16 13:29:20,BTCUSDT,86054.64,0.00012
2025-12-16 13:29:20,ETHUSDT,2925.03,0.0361
2025-12-16 13:29:20,BTCUSDT,86054.64,0.00182
2025-12-16 13:29:20,ETHUSDT,2925.03,0.0027
2025-12-16 13:29:20,BTCUSDT,86054.64,0.00012
2025-12-16 13:29:20,ETHUSDT,2925.03,0.0033
2025-12-16 13:29:20,BTCUSDT,86054.64,8e-05
2025-12-16 13:29:20,ETHUSDT,2925.03,0.0033
2025-12-16 13:29:20,BTCUSDT,86054.64,8e-05
2025-12-16 13:29:20,ETHUSDT,2925.03,0.0024
2025-12-16 13:29:20,BTCUSDT,86054.64,8e-05
2025-12-16 13:29:20,BTCUSDT,86054.64,0.00012
2025-12-16 13:29:20,ETHUSDT,2925.03,0.0024
2025-12-16 13:29:20,BTCUSDT,86054.64,8e-05
2025-12-16 13:29:20,ETHUSDT,2925.03,0.2274
2025-12-16 13:29:20,ETHUSDT,2925.03,0.039
2025-12-16 13:29:20,BTCUSDT,86054.64,8e-05
2025-12-16 13:29:20,BTCUSDT,86054.64,0.04039
2025-12-16 13:29:20,ETHUSDT,2925.03,0.0018
2025-12-16 13:29:21,ETHUSDT,2925.03,0.2
5
2025-12-16 13:29:21,ETHUSDT,2925.03,0.0073
2025-12-16 13:29:21,BTCUSDT,86054.63,0.01114
2025-12-16 13:29:21,ETHUSDT,2925.02,0.0111
2025-12-16 13:29:21,BTCUSDT,86054.63,0.00298
2025-12-16 13:29:21,ETHUSDT,2925.02,0.0129
2025-12-16 13:29:21,BTCUSDT,86054.63,0.00173
2025-12-16 13:29:21,ETHUSDT,2925.02,0.017
2025-12-16 13:29:21,BTCUSDT,86054.63,0.01721
2025-12-16 13:29:21,ETHUSDT,2925.03,0.0018
2025-12-16 13:29:21,BTCUSDT,86054.63,0.025
2025-12-16 13:29:21,ETHUSDT,2925.03,0.0027
2025-12-16 13:29:21,BTCUSDT,86054.63,0.00012
2025-12-16 13:29:21,ETHUSDT,2925.03,0.0024
2025-12-16 13:29:21,BTCUSDT,86054.63,0.00012
2025-12-16 13:29:21,BTCUSDT,86054.63,0.01576
2025-12-16 13:29:21,ETHUSDT,2925.03,0.0027
2025-12-16 13:29:21,BTCUSDT,86054.63,6e-05
2025-12-16 13:29:21,ETHUSDT,2925.03,0.0024
2025-12-16 13:29:22,ETHUSDT,2925.03,0.0024
2025-12-16 13:29:22,BTCUSDT,86054.63,0.006
2025-12-16 13:29:22,ETHUSDT,2925.03,0.0027
2025-12-16 13:29:22,BTCUSDT,86054.63,6e-05
2025-12-16 13:29:22,ETHUSDT,2925.03,0.0027
2025-12-16 13:29:22,BTCUSDT,86054.63,6e-05
2025-12-16 13:29:22,ETHUSDT,2925.03,0.0027
2025-12-16 13:29:22,BTCUSDT,86054.63,2e-05
2025-12-16 13:29:22,ETHUSDT,2925.03,0.0027
2025-12-16 13:29:22,ETHUSDT,2925.03,0.0024
2025-12-16 13:29:22,BTCUSDT,86054.63,0.0001
2025-12-16 13:29:22,BTCUSDT,86054.63,0.07761
2025-12-16 13:29:22,ETHUSDT,2925.03,0.0027
2025-12-16 13:29:22,BTCUSDT,86054.63,0.00615
2025-12-16 13:29:22,ETHUSDT,2925.03,0.0033
2025-12-16 13:29:22,BTCUSDT,86054.63,6e-05
2025-12-16 13:29:22,ETHUSDT,2925.03,0.0024
2025-12-16 13:29:22,BTCUSDT,86054.63,6e-05
2025-12-16 13:29:22,ETHUSDT,2925.03,0.0024
2025-12-16 13:29:22,BTCUSDT,86054.63,6e-05
2025-12-16 13:29:22,ETHUSDT,2925.03,0.0024
2025-12-16 13:29:23,ETHUSDT,2925.03,0.0027
2025-12-16 13:29:23,BTCUSDT,86054.63,6e-05
2025-12-16 13:29:23,BTCUSDT,86054.63,6e-05
2025-12-16 13:29:23,ETHUSDT,2925.03,0.0018
2025-12-16 13:29:23,BTCUSDT,86054.63,6e-05
2025-12-16 13:29:23,ETHUSDT,2925.03,0.0033
2025-12-16 13:29:23,BTCUSDT,86054.63,6e-05
2025-12-16 13:29:23,ETHUSDT,2925.03,0.0027
2025-12-16 13:29:23,BTCUSDT,86054.63,6e-05
2025-12-16 13:29:23,ETHUSDT,2925.03,0.0024
2025-12-16 13:29:23,BTCUSDT,86054.63,6e-05
2025-12-16 13:29:23,ETHUSDT,2925.03,0.0027
2025-12-16 13:29:23,ETHUSDT,2925.03,0.0024
2025-12-16 13:29:23,ETHUSDT,2925.03,0.026
2025-12-16 13:29:23,BTCUSDT,86054.63,6e-05
2025-12-16 13:29:24,ETHUSDT,2925.03,0.0027
2025-12-16 13:29:24,BTCUSDT,86054.63,6e-05
2025-12-16 13:29:24,ETHUSDT,2925.03,0.0024
2025-12-16 13:29:24,BTCUSDT,86054.63,6e-05
2025-12-16 13:29:24,ETHUSDT,2925.03,0.023
2025-12-16 13:29:24,BTCUSDT,86054.63,0.00244
2025-12-16 13:29:24,ETHUSDT,2925.03,0.0024
2025-12-16 13:29:24,BTCUSDT,86054.63,6e-05
2025-12-16 13:29:24,ETHUSDT,2925.03,0.001
2025-12-16 13:29:24,BTCUSDT,86054.63,6e-05
2025-12-16 13:29:24,ETHUSDT,2925.03,0.0017
2025-12-16 13:29:24,BTCUSDT,86054.63,6e-05
2025-12-16 13:29:24,BTCUSDT,86054.63,6e-05
2025-12-16 13:29:24,ETHUSDT,2925.03,0.0024
2025-12-16 13:29:24,BTCUSDT,86054.63,6e-05
2025-12-16 13:29:24,ETHUSDT,2925.03,0.0027
2025-12-16 13:29:24,BTCUSDT,86054.63,6e-05
2025-12-16 13:29:24,ETHUSDT,2925.03,0.0766
2025-12-16 13:29:24,BTCUSDT,86054.62,0.00775
2025-12-16 13:29:25,ETHUSDT,2925.02,0.013
2025-12-16 13:29:25,ETHUSDT,2925.02,0.0008
2025-12-16 13:29:25,ETHUSDT,2925.03,0.0033
2025-12-16 13:29:25,BTCUSDT,86054.62,6e-05
2025-12-16 13:29:25,BTCUSDT,86054.62,6e-05
2025-12-16 13:29:25,ETHUSDT,2925.03,0.0024
2025-12-16 13:29:25,BTCUSDT,86054.62,6e-05
2025-12-16 13:29:25,ETHUSDT,2925.03,0.0024
2025-12-16 13:29:25,BTCUSDT,86054.62,6e-05
2025-12-16 13:29:25,ETHUSDT,2925.03,0.0027
2025-12-16 13:29:25,BTCUSDT,86054.54,6e-05
2025-12-16 13:29:26,ETHUSDT,2925.03,0.0024
2025-12-16 13:29:26,BTCUSDT,86054.2,6e-05
2025-12-16 13:29:26,ETHUSDT,2925.03,0.0024
2025-12-16 13:29:26,ETHUSDT,2925.03,0.0018
2025-12-16 13:29:26,BTCUSDT,86052.96,6e-05
2025-12-16 13:29:26,ETHUSDT,2925.03,0.0024
2025-12-16 13:29:26,BTCUSDT,86051.69,0.00121
2025-12-16 13:29:26,ETHUSDT,2925.03,0.0173
2025-12-16 13:29:26,BTCUSDT,86051.19,6e-05
2025-12-16 13:29:26,ETHUSDT,2925.03,0.0024
2025-12-16 13:29:26,BTCUSDT,86050.76,6e-05
2025-12-16 13:29:26,ETHUSDT,2925.03,0.0024
2025-12-16 13:29:26,BTCUSDT,86050.33,0.00139
2025-12-16 13:29:26,ETHUSDT,2925.03,0.0024
2025-12-16 13:29:26,BTCUSDT,86050.33,0.0003
2025-12-16 13:29:26,ETHUSDT,2925.03,0.0089

2025-12-16 13:29:26,BTCUSDT,86049.73,0.0002
2025-12-16 13:29:26,ETHUSDT,2925.03,0.0018
2025-12-16 13:29:26,BTCUSDT,86048.6,0.003
2025-12-16 13:29:26,ETHUSDT,2925.03,0.0024
2025-12-16 13:29:26,BTCUSDT,86048.04,6e-05
2025-12-16 13:29:27,BTCUSDT,86048.04,0.0002
2025-12-16 13:29:27,ETHUSDT,2925.03,0.0018

2025-12-16 13:29:27,BTCUSDT,86048.0,0.00215
2025-12-16 13:29:27,ETHUSDT,2925.03,0.0024
2025-12-16 13:29:27,BTCUSDT,86048.0,0.00479
2025-12-16 13:29:27,BTCUSDT,86048.0,0.00155
2025-12-16 13:29:27,ETHUSDT,2925.03,0.0027
2025-12-16 13:29:27,BTCUSDT,86048.0,0.00598
2025-12-16 13:29:27,ETHUSDT,2925.03,0.0027
2025-12-16 13:29:27,BTCUSDT,86048.0,0.00754
2025-12-16 13:29:27,ETHUSDT,2925.03,0.0027
2025-12-16 13:29:27,BTCUSDT,86048.0,0.00326
2025-12-16 13:29:27,ETHUSDT,2925.03,0.0027
2025-12-16 13:29:28,ETHUSDT,2925.03,0.0027
2025-12-16 13:29:27,BTCUSDT,86048.0,0.00634
2025-12-16 13:29:28,BTCUSDT,86048.0,0.00754
2025-12-16 13:29:28,ETHUSDT,2925.03,0.0027
2025-12-16 13:29:28,BTCUSDT,86048.0,0.00634
2025-12-16 13:29:28,BTCUSDT,86048.0,0.00145
2025-12-16 13:29:28,ETHUSDT,2925.03,0.0027
2025-12-16 13:29:28,ETHUSDT,2925.03,0.0024
2025-12-16 13:29:28,BTCUSDT,86048.0,0.00609
2025-12-16 13:29:28,BTCUSDT,86048.0,0.00634
2025-12-16 13:29:28,ETHUSDT,2925.03,2.16
2025-12-16 13:29:28,ETHUSDT,2925.03,0.0018

2025-12-16 13:29:28,BTCUSDT,86048.0,6e-05
2025-12-16 13:29:28,ETHUSDT,2925.03,0.0027
2025-12-16 13:29:28,BTCUSDT,86048.0,6e-05
2025-12-16 13:29:28,BTCUSDT,86048.0,6e-05
2025-12-16 13:29:28,ETHUSDT,2925.03,0.096
2025-12-16 13:29:28,BTCUSDT,86048.0,6e-05
2025-12-16 13:29:29,ETHUSDT,2925.02,0.1506
2025-12-16 13:29:29,BTCUSDT,86048.0,6e-05
2025-12-16 13:29:29,ETHUSDT,2925.03,1.718
2025-12-16 13:29:29,BTCUSDT,86048.0,0.00315
2025-12-16 13:29:29,BTCUSDT,86048.01,0.0002
2025-12-16 13:29:29,ETHUSDT,2925.03,0.0024
2025-12-16 13:29:29,ETHUSDT,2925.03,0.0024
2025-12-16 13:29:29,ETHUSDT,2925.03,0.0027
2025-12-16 13:29:29,BTCUSDT,86048.01,0.003
2025-12-16 13:29:29,ETHUSDT,2925.03,0.0024
2025-12-16 13:29:29,BTCUSDT,86048.0,6e-05
2025-12-16 13:29:29,ETHUSDT,2925.03,0.0018
2025-12-16 13:29:29,BTCUSDT,86048.0,0.00442
2025-12-16 13:29:29,ETHUSDT,2925.03,0.0024
2025-12-16 13:29:29,ETHUSDT,2925.03,0.0033

2025-12-16 13:29:29,ETHUSDT,2925.03,0.0024
2025-12-16 13:29:29,BTCUSDT,86048.0,0.00634
2025-12-16 13:29:29,ETHUSDT,2925.03,0.0116
2025-12-16 13:29:29,BTCUSDT,86048.0,6e-05
2025-12-16 13:29:30,BTCUSDT,86048.0,6e-05
2025-12-16 13:29:30,ETHUSDT,2925.03,0.0024
2025-12-16 13:29:30,ETHUSDT,2925.03,0.0027

2025-12-16 13:29:30,ETHUSDT,2925.03,0.0027
2025-12-16 13:29:30,BTCUSDT,86048.0,0.00061
2025-12-16 13:29:30,ETHUSDT,2925.03,0.0027
2025-12-16 13:29:30,BTCUSDT,86048.0,6e-05
2025-12-16 13:29:30,BTCUSDT,86048.0,6e-05
2025-12-16 13:29:30,ETHUSDT,2925.03,0.0027
2025-12-16 13:29:30,BTCUSDT,86048.0,6e-05
2025-12-16 13:29:30,ETHUSDT,2925.03,0.0024
2025-12-16 13:29:30,BTCUSDT,86048.0,6e-05
2025-12-16 13:29:31,ETHUSDT,2925.03,0.0027
2025-12-16 13:29:31,ETHUSDT,2925.03,0.0027
2025-12-16 13:29:31,BTCUSDT,86048.0,6e-05
2025-12-16 13:29:31,BTCUSDT,86048.0,6e-05
2025-12-16 13:29:31,ETHUSDT,2925.03,0.019
2025-12-16 13:29:31,ETHUSDT,2925.03,0.0027
2025-12-16 13:29:31,BTCUSDT,86048.0,6e-05
2025-12-16 13:29:31,BTCUSDT,86048.0,6e-05

2025-12-16 13:29:31,BTCUSDT,86048.0,5e-05
2025-12-16 13:29:31,ETHUSDT,2925.03,0.0018
2025-12-16 13:29:31,ETHUSDT,2925.03,0.0027
2025-12-16 13:29:31,BTCUSDT,86048.0,0.00592
2025-12-16 13:29:31,ETHUSDT,2925.03,0.0024
2025-12-16 13:29:31,BTCUSDT,86048.0,9e-05
2025-12-16 13:29:31,BTCUSDT,86048.0,9e-05
2025-12-16 13:29:31,ETHUSDT,2925.03,0.0018
2025-12-16 13:29:32,BTCUSDT,86048.01,0.00173
2025-12-16 13:29:32,BTCUSDT,86048.01,0.03507
2025-12-16 13:29:32,ETHUSDT,2925.03,0.0018
2025-12-16 13:29:32,BTCUSDT,86048.01,0.06471
2025-12-16 13:29:32,ETHUSDT,2925.03,0.0018
2025-12-16 13:29:32,ETHUSDT,2925.03,0.0018
2025-12-16 13:29:32,BTCUSDT,86048.01,8e-05
2025-12-16 13:29:32,BTCUSDT,86048.01,0.05952
2025-12-16 13:29:32,ETHUSDT,2925.03,0.0018
2025-12-16 13:29:32,ETHUSDT,2925.03,0.0018
2025-12-16 13:29:32,BTCUSDT,86048.01,8e-05
2025-12-16 13:29:32,BTCUSDT,86048.01,0.1622
2025-12-16 13:29:32,ETHUSDT,2925.04,0.0018
2025-12-16 13:29:32,BTCUSDT,86048.01,0.00366
2025-12-16 13:29:32,ETHUSDT,2925.04,0.0018
2025-12-16 13:29:32,BTCUSDT,86048.01,0.00021
2025-12-16 13:29:32,ETHUSDT,2925.04,0.0018
2025-12-16 13:29:33,BTCUSDT,86048.01,7e-05
2025-12-16 13:29:33,ETHUSDT,2925.05,0.0018
2025-12-16 13:29:33,BTCUSDT,86048.01,0.00099
2025-12-16 13:29:33,BTCUSDT,86048.0,0.00041
2025-12-16 13:29:33,ETHUSDT,2925.05,0.0018
2025-12-16 13:29:33,BTCUSDT,86048.01,0.00616
2025-12-16 13:29:33,ETHUSDT,2925.05,0.0018
2025-12-16 13:29:33,BTCUSDT,86048.0,0.00103
2025-12-16 13:29:33,ETHUSDT,2925.05,0.0018
2025-12-16 13:29:33,BTCUSDT,86048.0,0.00634
2025-12-16 13:29:33,ETHUSDT,2925.05,0.0018
2025-12-16 13:29:33,BTCUSDT,86048.0,0.00012
2025-12-16 13:29:33,BTCUSDT,86048.0,6e-05
2025-12-16 13:29:33,ETHUSDT,2925.05,0.0018
2025-12-16 13:29:33,BTCUSDT,86048.0,6e-05
2025-12-16 13:29:33,ETHUSDT,2925.05,0.0018
2025-12-16 13:29:33,BTCUSDT,86048.0,0.0012
2025-12-16 13:29:34,ETHUSDT,2925.07,0.0408
2025-12-16 13:29:34,BTCUSDT,86048.0,0.00558
2025-12-16 13:29:34,ETHUSDT,2925.07,0.0024
2025-12-16 13:29:34,BTCUSDT,86048.0,0.01
2025-12-16 13:29:34,ETHUSDT,2925.07,0.0024
2025-12-16 13:29:34,BTCUSDT,86048.01,7e-05
2025-12-16 13:29:34,ETHUSDT,2925.07,0.0027
2025-12-16 13:29:34,ETHUSDT,2925.07,0.0027
2025-12-16 13:29:34,BTCUSDT,86048.01,0.04109
2025-12-16 13:29:34,ETHUSDT,2925.07,0.0024
2025-12-16 13:29:34,BTCUSDT,86048.0,6e-05
2025-12-16 13:29:34,ETHUSDT,2925.07,0.0024
2025-12-16 13:29:34,ETHUSDT,2925.07,0.0027
2025-12-16 13:29:34,BTCUSDT,86048.0,6e-05
2025-12-16 13:29:34,ETHUSDT,2925.07,0.0027
2025-12-16 13:29:34,BTCUSDT,86048.0,9e-05
2025-12-16 13:29:34,ETHUSDT,2925.07,0.0024
2025-12-16 13:29:34,ETHUSDT,2925.07,0.0027
2025-12-16 13:29:35,BTCUSDT,86048.0,0.00278
2025-12-16 13:29:35,ETHUSDT,2925.07,0.0027
2025-12-16 13:29:35,ETHUSDT,2925.07,0.0027
2025-12-16 13:29:35,BTCUSDT,86048.01,0.03305
2025-12-16 13:29:35,BTCUSDT,86048.01,8e-05
2025-12-16 13:29:35,ETHUSDT,2925.07,0.0024
2025-12-16 13:29:35,BTCUSDT,86048.01,0.02124
2025-12-16 13:29:35,ETHUSDT,2925.07,0.0033
2025-12-16 13:29:35,BTCUSDT,86048.0,0.002
2025-12-16 13:29:35,ETHUSDT,2925.07,0.0024
2025-12-16 13:29:35,BTCUSDT,86048.0,0.00147
2025-12-16 13:29:35,BTCUSDT,86048.0,0.00086
2025-12-16 13:29:35,ETHUSDT,2925.07,0.0027
2025-12-16 13:29:35,BTCUSDT,86048.01,6e-05
2025-12-16 13:29:35,ETHUSDT,2925.07,0.0027
2025-12-16 13:29:35,BTCUSDT,86048.0,8e-05
2025-12-16 13:29:35,ETHUSDT,2925.07,0.0018
2025-12-16 13:29:36,ETHUSDT,2925.07,0.003
2025-12-16 13:29:36,BTCUSDT,86048.0,0.00026
2025-12-16 13:29:36,ETHUSDT,2925.07,0.0027
2025-12-16 13:29:36,BTCUSDT,86048.0,0.00174
2025-12-16 13:29:36,ETHUSDT,2925.07,0.0024
2025-12-16 13:29:36,BTCUSDT,86048.0,7e-05
2025-12-16 13:29:36,ETHUSDT,2925.07,0.0188
2025-12-16 13:29:36,BTCUSDT,86048.0,7e-05
2025-12-16 13:29:36,BTCUSDT,86048.0,8e-05
2025-12-16 13:29:36,ETHUSDT,2925.07,0.0834
2025-12-16 13:29:36,BTCUSDT,86048.0,6e-05
2025-12-16 13:29:36,ETHUSDT,2925.07,0.006
2025-12-16 13:29:36,ETHUSDT,2925.06,0.0033
2025-12-16 13:29:36,ETHUSDT,2925.06,0.0024
2025-12-16 13:29:36,BTCUSDT,86048.0,7e-05
2025-12-16 13:29:37,ETHUSDT,2925.06,0.0024
2025-12-16 13:29:37,BTCUSDT,86048.0,6e-05
2025-12-16 13:29:37,ETHUSDT,2925.06,0.0024
2025-12-16 13:29:37,BTCUSDT,86048.0,7e-05
2025-12-16 13:29:37,ETHUSDT,2925.06,0.0024
2025-12-16 13:29:37,BTCUSDT,86048.0,0.004
2025-12-16 13:29:37,ETHUSDT,2925.06,0.0024
2025-12-16 13:29:37,ETHUSDT,2925.06,0.0033
2025-12-16 13:29:37,BTCUSDT,86048.0,0.00012
2025-12-16 13:29:37,ETHUSDT,2925.06,0.0024
2025-12-16 13:29:37,BTCUSDT,86048.0,6e-05
2025-12-16 13:29:37,ETHUSDT,2925.06,0.0033
2025-12-16 13:29:37,BTCUSDT,86048.0,0.0012
2025-12-16 13:29:37,ETHUSDT,2925.06,0.0024
2025-12-16 13:29:37,ETHUSDT,2925.06,0.0024
2025-12-16 13:29:37,BTCUSDT,86048.0,0.0367
2025-12-16 13:29:37,ETHUSDT,2925.06,0.0018
2025-12-16 13:29:38,BTCUSDT,86048.0,0.001
2025-12-16 13:29:38,ETHUSDT,2925.06,0.0024
2025-12-16 13:29:38,ETHUSDT,2925.06,0.0196
2025-12-16 13:29:38,BTCUSDT,86048.0,0.03904
2025-12-16 13:29:38,ETHUSDT,2925.06,0.0024
2025-12-16 13:29:38,BTCUSDT,86048.0,7e-05
2025-12-16 13:29:38,ETHUSDT,2925.06,0.0024
2025-12-16 13:29:38,BTCUSDT,86048.0,6e-05
2025-12-16 13:29:38,ETHUSDT,2925.06,0.0024
2025-12-16 13:29:38,BTCUSDT,86048.0,8e-05
2025-12-16 13:29:38,ETHUSDT,2925.06,0.0024
2025-12-16 13:29:38,BTCUSDT,86048.0,6e-05
2025-12-16 13:29:38,ETHUSDT,2925.06,0.0024
2025-12-16 13:29:38,BTCUSDT,86048.0,8e-05
2025-12-16 13:29:38,BTCUSDT,86048.0,8e-05
2025-12-16 13:29:38,ETHUSDT,2925.06,0.0018
2025-12-16 13:29:38,ETHUSDT,2925.06,0.0024
2025-12-16 13:29:38,BTCUSDT,86048.0,7e-05
2025-12-16 13:29:39,ETHUSDT,2925.06,0.0018
2025-12-16 13:29:39,BTCUSDT,86048.0,7e-05
2025-12-16 13:29:39,ETHUSDT,2925.06,0.0018
2025-12-16 13:29:39,BTCUSDT,86048.0,6e-05
2025-12-16 13:29:39,ETHUSDT,2925.06,0.0018
2025-12-16 13:29:39,ETHUSDT,2925.06,0.0018
2025-12-16 13:29:39,BTCUSDT,86048.0,8e-05
2025-12-16 13:29:39,ETHUSDT,2925.06,0.1925
2025-12-16 13:29:39,BTCUSDT,86048.0,6e-05
2025-12-16 13:29:39,ETHUSDT,2925.05,0.0018
2025-12-16 13:29:39,ETHUSDT,2925.05,0.0018
2025-12-16 13:29:39,BTCUSDT,86048.0,6e-05
2025-12-16 13:29:39,ETHUSDT,2925.05,0.0018
2025-12-16 13:29:39,BTCUSDT,86048.0,7e-05
2025-12-16 13:29:39,ETHUSDT,2925.05,0.0018
2025-12-16 13:29:40,ETHUSDT,2925.05,0.0018
2025-12-16 13:29:40,BTCUSDT,86048.01,0.00105
2025-12-16 13:29:40,ETHUSDT,2925.05,0.0018
2025-12-16 13:29:40,BTCUSDT,86048.0,6e-05
2025-12-16 13:29:40,ETHUSDT,2925.04,0.0018
2025-12-16 13:29:40,BTCUSDT,86048.0,7e-05
2025-12-16 13:29:40,ETHUSDT,2925.03,0.0018
2025-12-16 13:29:40,BTCUSDT,86048.0,8e-05
2025-12-16 13:29:40,ETHUSDT,2925.02,0.0018
2025-12-16 13:29:40,BTCUSDT,86048.01,0.00013
2025-12-16 13:29:40,BTCUSDT,86048.0,6e-05
2025-12-16 13:29:40,ETHUSDT,2925.02,0.026
2025-12-16 13:29:40,BTCUSDT,86048.01,0.01291
2025-12-16 13:29:40,ETHUSDT,2925.02,0.0018
2025-12-16 13:29:40,BTCUSDT,86048.01,0.00012
2025-12-16 13:29:40,ETHUSDT,2925.02,0.0018
2025-12-16 13:29:40,ETHUSDT,2925.02,0.0018
2025-12-16 13:29:40,BTCUSDT,86048.01,0.02798
2025-12-16 13:29:41,BTCUSDT,86048.01,7e-05
2025-12-16 13:29:41,ETHUSDT,2925.02,0.0018
2025-12-16 13:29:41,ETHUSDT,2925.02,0.0018
2025-12-16 13:29:41,BTCUSDT,86048.0,0.00037
2025-12-16 13:29:41,ETHUSDT,2925.02,0.0018
2025-12-16 13:29:41,BTCUSDT,86048.01,0.00743
2025-12-16 13:29:41,ETHUSDT,2925.02,0.0018
2025-12-16 13:29:41,BTCUSDT,86048.01,0.00018
2025-12-16 13:29:41,ETHUSDT,2925.02,0.0024
2025-12-16 13:29:41,BTCUSDT,86048.01,0.00365
2025-12-16 13:29:41,ETHUSDT,2925.02,0.0018
2025-12-16 13:29:41,ETHUSDT,2925.02,0.0033
2025-12-16 13:29:41,BTCUSDT,86048.01,0.01062
2025-12-16 13:29:41,BTCUSDT,86048.0,0.0256
2025-12-16 13:29:41,ETHUSDT,2925.02,0.0018
2025-12-16 13:29:41,BTCUSDT,86048.01,0.00048
2025-12-16 13:29:42,ETHUSDT,2925.02,0.0003
2025-12-16 13:29:42,BTCUSDT,86048.01,0.04045
2025-12-16 13:29:42,ETHUSDT,2925.02,0.0021
2025-12-16 13:29:42,BTCUSDT,86048.01,0.0003
2025-12-16 13:29:42,ETHUSDT,2925.02,0.0018
2025-12-16 13:29:42,BTCUSDT,86048.01,9e-05
2025-12-16 13:29:42,ETHUSDT,2925.02,0.0024
2025-12-16 13:29:42,ETHUSDT,2925.02,0.0018
2025-12-16 13:29:42,BTCUSDT,86048.01,0.00398
2025-12-16 13:29:42,ETHUSDT,2925.02,0.0018
2025-12-16 13:29:42,BTCUSDT,86048.0,0.00102
2025-12-16 13:29:42,ETHUSDT,2925.02,0.0024
2025-12-16 13:29:42,BTCUSDT,86048.01,0.00027
2025-12-16 13:29:42,ETHUSDT,2925.02,0.0018
2025-12-16 13:29:42,BTCUSDT,86048.0,0.00031
2025-12-16 13:29:42,ETHUSDT,2925.02,0.1694
2025-12-16 13:29:43,BTCUSDT,86048.01,0.00071
2025-12-16 13:29:43,ETHUSDT,2925.02,0.0024
2025-12-16 13:29:43,BTCUSDT,86048.01,0.01445
2025-12-16 13:29:43,ETHUSDT,2925.02,0.0024
2025-12-16 13:29:43,BTCUSDT,86048.01,0.02657
2025-12-16 13:29:43,ETHUSDT,2925.02,0.0018
2025-12-16 13:29:43,BTCUSDT,86048.01,7e-05
2025-12-16 13:29:43,ETHUSDT,2925.02,0.0018
2025-12-16 13:29:43,BTCUSDT,86048.01,0.00359
2025-12-16 13:29:43,ETHUSDT,2925.02,0.0024
2025-12-16 13:29:43,BTCUSDT,86048.01,0.00185
2025-12-16 13:29:43,ETHUSDT,2925.02,0.0033
2025-12-16 13:29:44,BTCUSDT,86048.01,0.02755
2025-12-16 13:29:44,ETHUSDT,2925.02,0.0024
2025-12-16 13:29:44,ETHUSDT,2925.02,0.4094
2025-12-16 13:29:44,BTCUSDT,86048.01,8e-05
2025-12-16 13:29:44,ETHUSDT,2925.02,0.0033
2025-12-16 13:29:44,BTCUSDT,86048.01,8e-05
2025-12-16 13:29:44,ETHUSDT,2925.02,0.0024
2025-12-16 13:29:44,BTCUSDT,86048.01,8e-05
2025-12-16 13:29:44,ETHUSDT,2925.02,0.0024
2025-12-16 13:29:44,BTCUSDT,86048.01,8e-05
2025-12-16 13:29:44,ETHUSDT,2925.02,0.0024
2025-12-16 13:29:44,BTCUSDT,86048.01,0.03369
2025-12-16 13:29:44,ETHUSDT,2925.02,0.0018

2025-12-16 13:29:44,BTCUSDT,86048.01,0.06043
2025-12-16 13:29:44,ETHUSDT,2925.02,0.0024
2025-12-16 13:29:44,BTCUSDT,86048.01,0.03299
2025-12-16 13:29:44,ETHUSDT,2925.02,0.0024
2025-12-16 13:29:44,ETHUSDT,2925.02,0.0024
2025-12-16 13:29:44,BTCUSDT,86048.01,0.0002
2025-12-16 13:29:45,ETHUSDT,2925.02,0.0147
2025-12-16 13:29:45,BTCUSDT,86048.0,0.00012
2025-12-16 13:29:45,BTCUSDT,86048.0,0.00012
2025-12-16 13:29:45,ETHUSDT,2925.02,0.0024
2025-12-16 13:29:45,BTCUSDT,86048.0,0.00012
2025-12-16 13:29:45,ETHUSDT,2925.02,0.0024
2025-12-16 13:29:45,BTCUSDT,86048.0,0.0028
2025-12-16 13:29:45,ETHUSDT,2925.02,0.0024
2025-12-16 13:29:45,BTCUSDT,86048.01,0.00039
2025-12-16 13:29:45,ETHUSDT,2925.02,0.0033
2025-12-16 13:29:45,BTCUSDT,86048.0,0.00018
2025-12-16 13:29:45,ETHUSDT,2925.02,0.0018
2025-12-16 13:29:45,BTCUSDT,86048.0,0.04
2025-12-16 13:29:45,BTCUSDT,86048.0,0.08

2025-12-16 13:29:45,ETHUSDT,2925.02,0.0024
2025-12-16 13:29:45,BTCUSDT,86048.0,0.02
2025-12-16 13:29:46,BTCUSDT,86048.0,0.01
2025-12-16 13:29:46,ETHUSDT,2925.02,0.0018
2025-12-16 13:29:46,BTCUSDT,86048.01,0.00738
2025-12-16 13:29:46,ETHUSDT,2925.02,0.0007
2025-12-16 13:29:46,BTCUSDT,86048.01,0.00373
2025-12-16 13:29:46,ETHUSDT,2925.02,0.0011
2025-12-16 13:29:46,BTCUSDT,86048.0,0.00012
2025-12-16 13:29:46,BTCUSDT,86048.0,0.00012
2025-12-16 13:29:46,ETHUSDT,2925.02,0.0018
2025-12-16 13:29:46,ETHUSDT,2925.02,0.0842
2025-12-16 13:29:46,ETHUSDT,2925.02,0.0024
2025-12-16 13:29:47,BTCUSDT,86048.0,0.00012
2025-12-16 13:29:47,ETHUSDT,2925.02,0.0018
2025-12-16 13:29:47,BTCUSDT,86048.0,0.00754
2025-12-16 13:29:47,ETHUSDT,2925.02,0.0018
2025-12-16 13:29:47,BTCUSDT,86048.0,0.00634
2025-12-16 13:29:47,BTCUSDT,86048.0,0.00012
2025-12-16 13:29:47,BTCUSDT,86048.0,0.00012
2025-12-16 13:29:47,ETHUSDT,2925.02,0.0018
2025-12-16 13:29:47,ETHUSDT,2925.02,0.0018
2025-12-16 13:29:47,BTCUSDT,86048.0,6e-05
2025-12-16 13:29:47,BTCUSDT,86048.0,6e-05
2025-12-16 13:29:47,ETHUSDT,2925.02,0.0018
2025-12-16 13:29:47,BTCUSDT,86048.0,6e-05

2025-12-16 13:29:47,ETHUSDT,2925.02,0.0024
2025-12-16 13:29:47,BTCUSDT,86048.0,6e-05
2025-12-16 13:29:47,BTCUSDT,86048.0,6e-05
2025-12-16 13:29:47,ETHUSDT,2925.02,0.0024
2025-12-16 13:29:48,ETHUSDT,2925.02,0.0018
2025-12-16 13:29:48,BTCUSDT,86048.0,6e-05
2025-12-16 13:29:48,ETHUSDT,2925.02,0.0024
2025-12-16 13:29:48,BTCUSDT,86048.0,9e-05
2025-12-16 13:29:48,ETHUSDT,2925.02,0.0024
2025-12-16 13:29:48,BTCUSDT,86048.0,0.0012
2025-12-16 13:29:48,ETHUSDT,2925.02,0.0033
2025-12-16 13:29:48,BTCUSDT,86048.0,0.001
2025-12-16 13:29:48,ETHUSDT,2925.02,0.0024
2025-12-16 13:29:48,ETHUSDT,2925.01,0.0018
2025-12-16 13:29:48,BTCUSDT,86048.0,0.00281
2025-12-16 13:29:49,ETHUSDT,2925.01,0.0018
2025-12-16 13:29:49,BTCUSDT,86048.0,0.01
2025-12-16 13:29:50,ETHUSDT,2925.01,0.0018
2025-12-16 13:29:50,BTCUSDT,86048.01,0.0027
2025-12-16 13:29:50,ETHUSDT,2925.01,0.0018
2025-12-16 13:29:50,BTCUSDT,86048.01,0.03343
2025-12-16 13:29:50,BTCUSDT,86048.01,0.00758
2025-12-16 13:29:50,ETHUSDT,2925.01,0.0018
2025-12-16 13:29:50,BTCUSDT,86048.0,0.0028
2025-12-16 13:29:50,ETHUSDT,2925.01,0.0018
2025-12-16 13:29:50,BTCUSDT,86048.01,7e-05
2025-12-16 13:29:50,BTCUSDT,86048.01,0.00615
2025-12-16 13:29:51,ETHUSDT,2925.01,0.0018
2025-12-16 13:29:51,BTCUSDT,86048.0,0.0116
2025-12-16 13:29:51,ETHUSDT,2925.01,0.0018
2025-12-16 13:29:51,BTCUSDT,86048.0,6e-05
2025-12-16 13:29:51,ETHUSDT,2925.01,0.0018
2025-12-16 13:29:51,ETHUSDT,2925.01,0.0018
2025-12-16 13:29:51,BTCUSDT,86048.0,7e-05
2025-12-16 13:29:51,ETHUSDT,2925.01,0.0018
2025-12-16 13:29:51,ETHUSDT,2925.01,0.0018
2025-12-16 13:29:51,BTCUSDT,86048.01,0.00069
2025-12-16 13:29:51,ETHUSDT,2925.01,0.0018
2025-12-16 13:29:51,BTCUSDT,86048.0,0.00747
2025-12-16 13:29:51,ETHUSDT,2925.0,0.0018
2025-12-16 13:29:51,ETHUSDT,2925.0,0.0018
2025-12-16 13:29:51,BTCUSDT,86048.0,6e-05
2025-12-16 13:29:51,BTCUSDT,86048.0,0.0012
2025-12-16 13:29:51,ETHUSDT,2925.0,0.0018
2025-12-16 13:29:51,BTCUSDT,86048.0,0.00012
2025-12-16 13:29:52,ETHUSDT,2925.0,0.0018
2025-12-16 13:29:52,BTCUSDT,86048.0,0.00014
2025-12-16 13:29:52,BTCUSDT,86048.0,6e-05
2025-12-16 13:29:52,BTCUSDT,86048.0,0.00095
2025-12-16 13:29:52,ETHUSDT,2925.0,0.0018
2025-12-16 13:29:52,BTCUSDT,86048.0,0.02
2025-12-16 13:29:52,ETHUSDT,2924.99,0.0018
2025-12-16 13:29:52,ETHUSDT,2924.99,0.0018
2025-12-16 13:29:52,BTCUSDT,86048.0,0.01575
2025-12-16 13:29:52,ETHUSDT,2924.98,0.0018
2025-12-16 13:29:52,BTCUSDT,86048.0,6e-05
2025-12-16 13:29:52,BTCUSDT,86048.0,0.001
2025-12-16 13:29:52,ETHUSDT,2924.98,0.005
2025-12-16 13:29:52,BTCUSDT,86048.0,0.02319
2025-12-16 13:29:52,ETHUSDT,2924.97,0.0018
2025-12-16 13:29:53,BTCUSDT,86048.0,0.08
2025-12-16 13:29:53,ETHUSDT,2924.96,0.0018
2025-12-16 13:29:53,ETHUSDT,2924.96,0.0018

2025-12-16 13:29:53,ETHUSDT,2924.93,0.0025

2025-12-16 13:29:53,ETHUSDT,2924.93,0.0017
2025-12-16 13:29:53,BTCUSDT,86048.01,0.00025
2025-12-16 13:29:53,ETHUSDT,2924.93,0.0001
2025-12-16 13:29:53,BTCUSDT,86048.01,0.01498
2025-12-16 13:29:53,ETHUSDT,2924.93,0.0018
2025-12-16 13:29:53,BTCUSDT,86048.01,0.0385
2025-12-16 13:29:53,ETHUSDT,2924.93,0.0018
2025-12-16 13:29:53,BTCUSDT,86048.01,0.19118
2025-12-16 13:29:53,ETHUSDT,2924.93,0.0018
2025-12-16 13:29:53,ETHUSDT,2924.93,0.0018
2025-12-16 13:29:53,BTCUSDT,86048.01,0.03785
2025-12-16 13:29:53,ETHUSDT,2924.93,0.0018
2025-12-16 13:29:54,BTCUSDT,86048.01,0.01322
2025-12-16 13:29:54,ETHUSDT,2924.93,0.0024
2025-12-16 13:29:54,BTCUSDT,86048.01,0.00012
2025-12-16 13:29:54,ETHUSDT,2924.93,0.0024
2025-12-16 13:29:54,BTCUSDT,86048.01,0.01243
2025-12-16 13:29:54,ETHUSDT,2924.93,0.0018
2025-12-16 13:29:54,BTCUSDT,86048.01,0.01223
2025-12-16 13:29:54,ETHUSDT,2924.93,0.0018
2025-12-16 13:29:54,ETHUSDT,2924.93,0.0018
2025-12-16 13:29:54,BTCUSDT,86048.01,0.00012
2025-12-16 13:29:54,ETHUSDT,2924.93,0.0024
2025-12-16 13:29:54,BTCUSDT,86048.01,0.08805
2025-12-16 13:29:54,ETHUSDT,2924.93,0.0024
2025-12-16 13:29:54,ETHUSDT,2924.93,0.0024

2025-12-16 13:29:54,ETHUSDT,2924.93,0.0033
2025-12-16 13:29:54,BTCUSDT,86048.01,0.00058
2025-12-16 13:29:55,ETHUSDT,2924.93,0.0044
2025-12-16 13:29:55,BTCUSDT,86048.01,0.04102
2025-12-16 13:29:55,ETHUSDT,2924.93,0.0024
2025-12-16 13:29:55,BTCUSDT,86048.01,7e-05
2025-12-16 13:29:55,ETHUSDT,2924.93,0.0024
2025-12-16 13:29:55,ETHUSDT,2924.93,0.0024
2025-12-16 13:29:55,BTCUSDT,86048.01,0.00058
2025-12-16 13:29:55,ETHUSDT,2924.93,0.0024
2025-12-16 13:29:55,ETHUSDT,2924.93,0.0033
2025-12-16 13:29:55,BTCUSDT,86048.0,0.00012
2025-12-16 13:29:55,ETHUSDT,2924.92,0.0018
2025-12-16 13:29:55,ETHUSDT,2924.92,0.0018

2025-12-16 13:29:55,BTCUSDT,86048.01,0.02268
2025-12-16 13:29:55,ETHUSDT,2924.92,0.0018
2025-12-16 13:29:55,ETHUSDT,2924.92,0.0018
2025-12-16 13:29:55,BTCUSDT,86048.0,0.001
2025-12-16 13:29:56,ETHUSDT,2924.92,0.0018
2025-12-16 13:29:56,BTCUSDT,86048.01,0.00133
2025-12-16 13:29:56,ETHUSDT,2924.92,0.0018
2025-12-16 13:29:56,BTCUSDT,86048.0,0.00521
2025-12-16 13:29:56,ETHUSDT,2924.92,0.0018
2025-12-16 13:29:56,ETHUSDT,2924.92,0.0018

2025-12-16 13:29:56,ETHUSDT,2924.91,0.016
2025-12-16 13:29:56,BTCUSDT,86048.0,5e-05
2025-12-16 13:29:56,ETHUSDT,2924.91,0.0018
2025-12-16 13:29:56,BTCUSDT,86048.0,1e-05
2025-12-16 13:29:56,ETHUSDT,2924.9,0.0018
2025-12-16 13:29:56,BTCUSDT,86048.01,0.03656
2025-12-16 13:29:56,ETHUSDT,2924.9,0.0018
2025-12-16 13:29:56,BTCUSDT,86048.01,0.00039
2025-12-16 13:29:56,ETHUSDT,2924.9,0.0013
2025-12-16 13:29:57,BTCUSDT,86048.01,0.00035
2025-12-16 13:29:57,BTCUSDT,86048.01,0.1914
2025-12-16 13:29:57,ETHUSDT,2924.9,0.0005
2025-12-16 13:29:57,BTCUSDT,86048.01,0.00012
2025-12-16 13:29:57,ETHUSDT,2924.9,0.0018
2025-12-16 13:29:57,BTCUSDT,86048.01,8e-05
2025-12-16 13:29:57,ETHUSDT,2924.9,0.0018
2025-12-16 13:29:57,BTCUSDT,86048.01,0.00012
2025-12-16 13:29:57,BTCUSDT,86048.01,0.00012
2025-12-16 13:29:57,ETHUSDT,2924.9,0.0018
2025-12-16 13:29:57,ETHUSDT,2924.9,0.0024
2025-12-16 13:29:57,BTCUSDT,86048.01,0.00012
2025-12-16 13:29:58,ETHUSDT,2924.9,0.0033
2025-12-16 13:29:58,BTCUSDT,86048.01,0.06754
2025-12-16 13:29:58,ETHUSDT,2924.9,0.0024
2025-12-16 13:29:58,BTCUSDT,86048.01,0.01
2025-12-16 13:29:58,ETHUSDT,2924.9,0.0018
2025-12-16 13:29:58,BTCUSDT,86048.01,0.01161
2025-12-16 13:29:58,ETHUSDT,2924.9,0.0018
2025-12-16 13:29:58,BTCUSDT,86048.01,8e-05
2025-12-16 13:29:58,ETHUSDT,2924.9,0.0018
2025-12-16 13:29:58,BTCUSDT,86048.01,8e-05
2025-12-16 13:29:58,ETHUSDT,2924.9,0.0018
2025-12-16 13:29:58,BTCUSDT,86048.01,8e-05
2025-12-16 13:29:58,ETHUSDT,2924.9,0.0024
2025-12-16 13:29:58,BTCUSDT,86048.01,8e-05
2025-12-16 13:29:58,ETHUSDT,2924.9,0.0024
2025-12-16 13:29:59,BTCUSDT,86048.01,8e-05
2025-12-16 13:29:59,ETHUSDT,2924.9,0.0024
2025-12-16 13:29:59,BTCUSDT,86048.01,8e-05
2025-12-16 13:29:59,ETHUSDT,2924.9,0.0639
2025-12-16 13:29:59,BTCUSDT,86048.01,0.00341
2025-12-16 13:29:59,ETHUSDT,2924.89,0.0018
2025-12-16 13:29:59,BTCUSDT,86048.01,8e-05
2025-12-16 13:29:59,ETHUSDT,2924.89,0.0018
2025-12-16 13:29:59,ETHUSDT,2924.89,0.0018
2025-12-16 13:29:59,ETHUSDT,2924.89,0.0018
2025-12-16 13:29:59,BTCUSDT,86048.01,8e-05
2025-12-16 13:29:59,BTCUSDT,86048.01,8e-05
2025-12-16 13:29:59,ETHUSDT,2924.89,0.0018
2025-12-16 13:29:59,BTCUSDT,86048.01,8e-05
2025-12-16 13:29:59,ETHUSDT,2924.89,0.0018
2025-12-16 13:29:59,BTCUSDT,86048.01,8e-05
2025-12-16 13:29:59,ETHUSDT,2924.89,0.0018
2025-12-16 13:29:59,BTCUSDT,86048.01,8e-05
2025-12-16 13:29:59,ETHUSDT,2924.89,0.0018
2025-12-16 13:30:00,ETHUSDT,2924.87,0.0408
2025-12-16 13:30:00,BTCUSDT,86048.01,8e-05
2025-12-16 13:30:00,ETHUSDT,2924.87,0.0018
2025-12-16 13:30:00,BTCUSDT,86048.01,8e-05
2025-12-16 13:30:00,ETHUSDT,2924.87,0.0018
2025-12-16 13:30:00,BTCUSDT,86048.01,6e-05
2025-12-16 13:30:00,BTCUSDT,86048.01,6e-05
2025-12-16 13:30:00,ETHUSDT,2924.87,0.0018
2025-12-16 13:30:00,ETHUSDT,2924.87,0.0018
2025-12-16 13:30:00,BTCUSDT,86048.01,0.0001
2025-12-16 13:30:00,BTCUSDT,86048.01,0.00563
2025-12-16 13:30:00,BTCUSDT,86048.01,8e-05
2025-12-16 13:30:00,ETHUSDT,2924.86,0.031
2025-12-16 13:30:00,BTCUSDT,86048.01,8e-05
2025-12-16 13:30:00,ETHUSDT,2924.86,0.0018
2025-12-16 13:30:00,BTCUSDT,86048.01,8e-05
2025-12-16 13:30:01,ETHUSDT,2924.84,0.0018
2025-12-16 13:30:01,BTCUSDT,86048.01,8e-05
2025-12-16 13:30:01,BTCUSDT,86048.01,0.01184
2025-12-16 13:30:01,ETHUSDT,2924.83,0.0018
2025-12-16 13:30:01,BTCUSDT,86048.01,0.00066
2025-12-16 13:30:01,ETHUSDT,2924.8,0.002
2025-12-16 13:30:01,BTCUSDT,86048.01,8e-05
2025-12-16 13:30:01,ETHUSDT,2924.8,0.0018
2025-12-16 13:30:01,BTCUSDT,86048.01,0.00201
2025-12-16 13:30:01,ETHUSDT,2924.77,0.0342
2025-12-16 13:30:01,BTCUSDT,86048.01,0.0007
2025-12-16 13:30:01,BTCUSDT,86048.01,7e-05
2025-12-16 13:30:01,BTCUSDT,86048.01,7e-05
2025-12-16 13:30:01,ETHUSDT,2924.77,0.0018
2025-12-16 13:30:01,ETHUSDT,2924.77,0.0018
2025-12-16 13:30:01,BTCUSDT,86048.01,8e-05
2025-12-16 13:30:01,ETHUSDT,2924.77,0.0018
2025-12-16 13:30:02,BTCUSDT,86048.01,6e-05
2025-12-16 13:30:02,ETHUSDT,2924.76,0.0376
2025-12-16 13:30:02,BTCUSDT,86048.01,0.00032
2025-12-16 13:30:02,ETHUSDT,2924.76,0.0308
2025-12-16 13:30:02,ETHUSDT,2924.76,0.0018
2025-12-16 13:30:02,BTCUSDT,86048.01,6e-05
2025-12-16 13:30:02,BTCUSDT,86048.01,6e-05
2025-12-16 13:30:02,ETHUSDT,2924.73,0.052
2025-12-16 13:30:02,ETHUSDT,2924.73,0.0018

2025-12-16 13:30:02,ETHUSDT,2924.7,0.002
2025-12-16 13:30:02,BTCUSDT,86048.01,0.04101
2025-12-16 13:30:02,ETHUSDT,2924.66,0.0018
2025-12-16 13:30:02,ETHUSDT,2924.66,0.0018
2025-12-16 13:30:02,BTCUSDT,86048.01,7e-05
2025-12-16 13:30:02,ETHUSDT,2924.66,0.0018
2025-12-16 13:30:02,BTCUSDT,86048.01,0.00046
2025-12-16 13:30:03,ETHUSDT,2924.65,0.1351
2025-12-16 13:30:03,BTCUSDT,86048.01,6e-05
2025-12-16 13:30:03,BTCUSDT,86048.01,8e-05
2025-12-16 13:30:03,ETHUSDT,2924.66,0.0023
2025-12-16 13:30:03,ETHUSDT,2924.66,0.0027
2025-12-16 13:30:03,BTCUSDT,86048.01,8e-05
2025-12-16 13:30:03,ETHUSDT,2924.66,0.0027
2025-12-16 13:30:03,BTCUSDT,86048.01,0.01322
2025-12-16 13:30:03,ETHUSDT,2924.66,0.0027
2025-12-16 13:30:03,BTCUSDT,86048.01,8e-05
2025-12-16 13:30:03,ETHUSDT,2924.66,0.0024
2025-12-16 13:30:03,BTCUSDT,86048.01,8e-05
2025-12-16 13:30:03,BTCUSDT,86048.01,8e-05
2025-12-16 13:30:03,ETHUSDT,2924.66,0.0027
2025-12-16 13:30:03,ETHUSDT,2924.66,0.0027
2025-12-16 13:30:03,BTCUSDT,86048.01,8e-05
2025-12-16 13:30:03,ETHUSDT,2924.66,0.0024
2025-12-16 13:30:03,BTCUSDT,86048.01,0.02
2025-12-16 13:30:04,ETHUSDT,2924.66,0.05
2025-12-16 13:30:04,BTCUSDT,86048.01,8e-05
2025-12-16 13:30:04,ETHUSDT,2924.66,0.1029
2025-12-16 13:30:04,BTCUSDT,86048.01,6e-05
2025-12-16 13:30:04,ETHUSDT,2924.66,0.0166
2025-12-16 13:30:04,BTCUSDT,86048.01,8e-05
2025-12-16 13:30:04,BTCUSDT,86048.01,0.00266
2025-12-16 13:30:04,ETHUSDT,2924.66,0.1163
2025-12-16 13:30:04,ETHUSDT,2924.66,0.0342
2025-12-16 13:30:04,BTCUSDT,86048.01,0.00734
2025-12-16 13:30:04,BTCUSDT,86048.01,0.00921
2025-12-16 13:30:04,ETHUSDT,2924.66,0.0027
2025-12-16 13:30:04,ETHUSDT,2924.66,0.0033
2025-12-16 13:30:04,BTCUSDT,86048.01,0.00012
2025-12-16 13:30:04,ETHUSDT,2924.66,0.0024
2025-12-16 13:30:04,BTCUSDT,86048.01,0.02324
2025-12-16 13:30:04,ETHUSDT,2924.66,0.0353
2025-12-16 13:30:05,BTCUSDT,86048.0,0.01
2025-12-16 13:30:05,ETHUSDT,2924.66,0.0027
2025-12-16 13:30:05,ETHUSDT,2924.66,0.0024
2025-12-16 13:30:05,BTCUSDT,86048.0,0.02
2025-12-16 13:30:05,ETHUSDT,2924.66,0.0006
2025-12-16 13:30:05,BTCUSDT,86048.0,0.00058
2025-12-16 13:30:05,ETHUSDT,2924.65,0.0079
2025-12-16 13:30:05,BTCUSDT,86048.0,0.00359
2025-12-16 13:30:05,ETHUSDT,2924.66,0.0018
2025-12-16 13:30:05,BTCUSDT,86048.0,0.00012
2025-12-16 13:30:05,BTCUSDT,86048.0,0.00012
2025-12-16 13:30:05,ETHUSDT,2924.66,0.005
2025-12-16 13:30:05,BTCUSDT,86048.0,0.05952
2025-12-16 13:30:05,BTCUSDT,86048.0,0.01181
2025-12-16 13:30:05,ETHUSDT,2924.66,0.0033
2025-12-16 13:30:05,ETHUSDT,2924.66,0.0024
2025-12-16 13:30:05,BTCUSDT,86048.0,0.50807
2025-12-16 13:30:05,BTCUSDT,86048.0,0.00012
2025-12-16 13:30:05,ETHUSDT,2924.66,0.0033
2025-12-16 13:30:06,ETHUSDT,2924.66,0.0033
2025-12-16 13:30:06,BTCUSDT,86048.0,0.10866
2025-12-16 13:30:06,ETHUSDT,2924.66,0.0027
2025-12-16 13:30:06,BTCUSDT,86048.0,0.04429
2025-12-16 13:30:06,ETHUSDT,2924.66,0.0024
2025-12-16 13:30:06,BTCUSDT,86048.0,0.05837
2025-12-16 13:30:06,ETHUSDT,2924.66,0.0027
2025-12-16 13:30:06,BTCUSDT,86048.0,0.05973
2025-12-16 13:30:06,ETHUSDT,2924.66,0.0024
2025-12-16 13:30:06,ETHUSDT,2924.66,0.0024
2025-12-16 13:30:06,BTCUSDT,86048.0,0.00016
2025-12-16 13:30:06,BTCUSDT,86048.0,0.00012
2025-12-16 13:30:06,ETHUSDT,2924.66,0.0027
2025-12-16 13:30:06,BTCUSDT,86048.0,0.04162
2025-12-16 13:30:06,BTCUSDT,86048.0,0.01377
2025-12-16 13:30:06,ETHUSDT,2924.66,0.0024
2025-12-16 13:30:06,ETHUSDT,2924.66,0.0027
2025-12-16 13:30:06,ETHUSDT,2924.66,0.0027
2025-12-16 13:30:06,BTCUSDT,86048.0,0.00012
2025-12-16 13:30:07,ETHUSDT,2924.66,0.0024
2025-12-16 13:30:07,BTCUSDT,86048.0,0.01236
2025-12-16 13:30:07,ETHUSDT,2924.66,0.0024
2025-12-16 13:30:07,BTCUSDT,86048.0,0.00012
2025-12-16 13:30:07,ETHUSDT,2924.66,0.0027
2025-12-16 13:30:07,BTCUSDT,86048.0,0.00012
2025-12-16 13:30:07,ETHUSDT,2924.66,0.0033
2025-12-16 13:30:07,ETHUSDT,2924.66,0.0033
2025-12-16 13:30:07,BTCUSDT,86048.0,0.14926
2025-12-16 13:30:07,BTCUSDT,86048.0,0.00686
2025-12-16 13:30:07,ETHUSDT,2924.66,0.0024
2025-12-16 13:30:08,ETHUSDT,2924.66,0.0027
2025-12-16 13:30:08,BTCUSDT,86048.0,0.00586
2025-12-16 13:30:08,ETHUSDT,2924.66,0.0024
2025-12-16 13:30:08,BTCUSDT,86048.0,0.02307
2025-12-16 13:30:08,BTCUSDT,86048.0,0.00012
2025-12-16 13:30:08,ETHUSDT,2924.66,0.0027
2025-12-16 13:30:08,BTCUSDT,86048.0,0.00012
2025-12-16 13:30:08,ETHUSDT,2924.66,0.0027
2025-12-16 13:30:08,ETHUSDT,2924.66,0.0027
2025-12-16 13:30:08,BTCUSDT,86048.0,0.00752
2025-12-16 13:30:08,BTCUSDT,86048.0,0.02324
2025-12-16 13:30:08,ETHUSDT,2924.66,0.0027
2025-12-16 13:30:08,BTCUSDT,86048.0,0.01
2025-12-16 13:30:08,ETHUSDT,2924.66,0.0018
2025-12-16 13:30:09,BTCUSDT,86048.0,0.01967
2025-12-16 13:30:09,ETHUSDT,2924.66,0.0024
2025-12-16 13:30:09,ETHUSDT,2924.66,0.0024
2025-12-16 13:30:09,BTCUSDT,86048.0,0.04504
2025-12-16 13:30:09,ETHUSDT,2924.66,0.0024
2025-12-16 13:30:09,BTCUSDT,86048.0,0.00053
2025-12-16 13:30:09,ETHUSDT,2924.66,0.0027
2025-12-16 13:30:09,BTCUSDT,86048.0,0.00446
2025-12-16 13:30:09,ETHUSDT,2924.66,0.0027
2025-12-16 13:30:09,BTCUSDT,86048.0,0.00458
2025-12-16 13:30:09,BTCUSDT,86048.0,6e-05
2025-12-16 13:30:09,ETHUSDT,2924.66,0.0009
2025-12-16 13:30:09,BTCUSDT,86048.0,6e-05
2025-12-16 13:30:09,ETHUSDT,2924.66,0.004
2025-12-16 13:30:09,BTCUSDT,86048.0,6e-05
2025-12-16 13:30:09,ETHUSDT,2924.66,0.0027
2025-12-16 13:30:09,ETHUSDT,2924.66,0.0024
2025-12-16 13:30:09,BTCUSDT,86048.0,6e-05
2025-12-16 13:30:09,ETHUSDT,2924.66,0.0024
2025-12-16 13:30:09,BTCUSDT,86048.0,6e-05
2025-12-16 13:30:10,BTCUSDT,86048.0,6e-05
2025-12-16 13:30:10,ETHUSDT,2924.66,0.0027
2025-12-16 13:30:10,BTCUSDT,86048.0,6e-05
2025-12-16 13:30:10,ETHUSDT,2924.66,0.0122
2025-12-16 13:30:10,BTCUSDT,86048.0,6e-05
2025-12-16 13:30:10,ETHUSDT,2924.66,0.0046
2025-12-16 13:30:10,BTCUSDT,86048.0,6e-05
2025-12-16 13:30:10,ETHUSDT,2924.66,0.0018
2025-12-16 13:30:10,ETHUSDT,2924.66,0.0016
2025-12-16 13:30:10,ETHUSDT,2924.66,0.0011
2025-12-16 13:30:10,BTCUSDT,86048.0,6e-05
2025-12-16 13:30:11,ETHUSDT,2924.66,0.0027
2025-12-16 13:30:11,BTCUSDT,86048.0,6e-05
2025-12-16 13:30:11,ETHUSDT,2924.66,0.0024
2025-12-16 13:30:11,BTCUSDT,86047.99,6e-05
2025-12-16 13:30:11,ETHUSDT,2924.66,0.0024
2025-12-16 13:30:11,BTCUSDT,86047.99,6e-05
2025-12-16 13:30:11,BTCUSDT,86047.99,6e-05
2025-12-16 13:30:11,ETHUSDT,2924.66,0.0018
2025-12-16 13:30:11,BTCUSDT,86047.99,6e-05
2025-12-16 13:30:11,ETHUSDT,2924.66,0.0018
2025-12-16 13:30:11,BTCUSDT,86047.74,0.02323
2025-12-16 13:30:11,ETHUSDT,2924.66,0.0013
2025-12-16 13:30:11,BTCUSDT,86047.29,0.00697
2025-12-16 13:30:11,ETHUSDT,2924.65,0.043
2025-12-16 13:30:11,BTCUSDT,86047.09,0.01235
2025-12-16 13:30:11,BTCUSDT,86046.48,6e-05
2025-12-16 13:30:11,ETHUSDT,2924.65,0.0068
2025-12-16 13:30:11,ETHUSDT,2924.65,0.0023
2025-12-16 13:30:12,ETHUSDT,2924.65,0.0023
2025-12-16 13:30:12,BTCUSDT,86046.21,7e-05
2025-12-16 13:30:12,ETHUSDT,2924.66,0.0005
2025-12-16 13:30:12,BTCUSDT,86046.0,0.0008
2025-12-16 13:30:12,ETHUSDT,2924.66,0.0018
2025-12-16 13:30:12,ETHUSDT,2924.66,0.0018
2025-12-16 13:30:12,BTCUSDT,86045.59,6e-05
2025-12-16 13:30:12,ETHUSDT,2924.66,0.0007
2025-12-16 13:30:12,BTCUSDT,86045.58,0.01184
2025-12-16 13:30:12,ETHUSDT,2924.66,0.0011
2025-12-16 13:30:12,BTCUSDT,86045.58,0.00316
2025-12-16 13:30:12,ETHUSDT,2924.66,0.0009
2025-12-16 13:30:12,BTCUSDT,86045.15,0.008
2025-12-16 13:30:12,ETHUSDT,2924.65,0.002
2025-12-16 13:30:12,BTCUSDT,86045.15,0.015
2025-12-16 13:30:13,ETHUSDT,2924.66,0.0009
2025-12-16 13:30:13,BTCUSDT,86044.0,0.001
2025-12-16 13:30:13,ETHUSDT,2924.66,0.0018
2025-12-16 13:30:13,BTCUSDT,86044.0,0.0008
2025-12-16 13:30:13,ETHUSDT,2924.66,0.0018
2025-12-16 13:30:13,BTCUSDT,86043.87,6e-05
2025-12-16 13:30:13,ETHUSDT,2924.65,0.002
2025-12-16 13:30:13,BTCUSDT,86043.83,6e-05
2025-12-16 13:30:13,ETHUSDT,2924.65,0.0018
2025-12-16 13:30:13,BTCUSDT,86043.72,0.00011
2025-12-16 13:30:13,ETHUSDT,2924.66,0.0018
2025-12-16 13:30:13,BTCUSDT,86043.7,0.0003
2025-12-16 13:30:13,ETHUSDT,2924.66,0.0042
2025-12-16 13:30:13,BTCUSDT,86043.7,0.00139
2025-12-16 13:30:13,BTCUSDT,86043.58,0.0015
2025-12-16 13:30:14,ETHUSDT,2924.66,0.0271
2025-12-16 13:30:14,BTCUSDT,86043.4,9e-05
2025-12-16 13:30:14,BTCUSDT,86043.3,9e-05
2025-12-16 13:30:14,ETHUSDT,2924.66,0.0018
2025-12-16 13:30:14,BTCUSDT,86043.19,6e-05
2025-12-16 13:30:14,ETHUSDT,2924.66,0.0027
2025-12-16 13:30:14,BTCUSDT,86042.84,7e-05
2025-12-16 13:30:14,BTCUSDT,86042.48,0.00025
2025-12-16 13:30:14,ETHUSDT,2924.66,0.0024
2025-12-16 13:30:14,BTCUSDT,86042.47,0.0026
2025-12-16 13:30:14,ETHUSDT,2924.66,0.0024
2025-12-16 13:30:14,BTCUSDT,86042.0,0.001
2025-12-16 13:30:14,ETHUSDT,2924.66,0.0024
2025-12-16 13:30:15,BTCUSDT,86042.0,0.0008
2025-12-16 13:30:15,ETHUSDT,2924.66,0.0027
2025-12-16 13:30:15,BTCUSDT,86042.0,0.01295
2025-12-16 13:30:15,ETHUSDT,2924.66,0.0024
2025-12-16 13:30:15,ETHUSDT,2924.66,0.0027

2025-12-16 13:30:15,ETHUSDT,2924.66,0.0027

2025-12-16 13:30:15,BTCUSDT,86041.98,0.003
2025-12-16 13:30:15,ETHUSDT,2924.66,0.0027
2025-12-16 13:30:15,BTCUSDT,86041.68,7e-05
2025-12-16 13:30:15,ETHUSDT,2924.66,0.0018
2025-12-16 13:30:15,BTCUSDT,86040.64,0.00581
2025-12-16 13:30:15,ETHUSDT,2924.66,0.0033
2025-12-16 13:30:15,BTCUSDT,86040.0,6e-05
2025-12-16 13:30:15,ETHUSDT,2924.66,0.0027
2025-12-16 13:30:15,BTCUSDT,86040.0,0.001
2025-12-16 13:30:15,ETHUSDT,2924.66,0.0192
2025-12-16 13:30:16,BTCUSDT,86040.0,0.0008
2025-12-16 13:30:16,ETHUSDT,2924.66,0.002
2025-12-16 13:30:16,BTCUSDT,86040.0,6e-05
2025-12-16 13:30:16,BTCUSDT,86040.0,0.02324
2025-12-16 13:30:16,ETHUSDT,2924.66,0.0007
2025-12-16 13:30:16,BTCUSDT,86039.61,6e-05
2025-12-16 13:30:16,ETHUSDT,2924.66,0.0024
2025-12-16 13:30:16,BTCUSDT,86039.47,7e-05
2025-12-16 13:30:16,ETHUSDT,2924.66,0.0027
2025-12-16 13:30:16,BTCUSDT,86039.4,0.0015
2025-12-16 13:30:16,ETHUSDT,2924.66,0.0024
2025-12-16 13:30:16,BTCUSDT,86039.4,0.00558
2025-12-16 13:30:16,ETHUSDT,2924.66,0.1082
2025-12-16 13:30:16,BTCUSDT,86039.24,0.04896
2025-12-16 13:30:16,ETHUSDT,2924.66,0.0361
2025-12-16 13:30:17,BTCUSDT,86039.0,0.00697
2025-12-16 13:30:17,ETHUSDT,2924.66,0.009
2025-12-16 13:30:17,BTCUSDT,86039.0,0.00697
2025-12-16 13:30:17,ETHUSDT,2924.66,0.0024
2025-12-16 13:30:17,ETHUSDT,2924.66,0.0042
2025-12-16 13:30:17,BTCUSDT,86039.0,0.00697
2025-12-16 13:30:17,ETHUSDT,2924.66,0.0027
2025-12-16 13:30:17,BTCUSDT,86039.0,0.00581
2025-12-16 13:30:17,ETHUSDT,2924.66,0.0024
2025-12-16 13:30:17,BTCUSDT,86039.24,6e-05
2025-12-16 13:30:17,ETHUSDT,2924.66,0.0018
2025-12-16 13:30:17,ETHUSDT,2924.66,0.0018
2025-12-16 13:30:17,BTCUSDT,86039.24,6e-05
2025-12-16 13:30:17,ETHUSDT,2924.66,0.0024
2025-12-16 13:30:18,BTCUSDT,86039.24,6e-05
2025-12-16 13:30:18,ETHUSDT,2924.66,0.0024
2025-12-16 13:30:18,BTCUSDT,86039.24,6e-05
2025-12-16 13:30:18,ETHUSDT,2924.66,0.0024
2025-12-16 13:30:18,BTCUSDT,86039.24,0.00557
2025-12-16 13:30:18,BTCUSDT,86039.24,0.01
2025-12-16 13:30:18,ETHUSDT,2924.66,0.0024
2025-12-16 13:30:18,BTCUSDT,86039.24,0.00349
2025-12-16 13:30:18,ETHUSDT,2924.66,0.0027
2025-12-16 13:30:18,BTCUSDT,86039.24,7e-05
2025-12-16 13:30:18,ETHUSDT,2924.66,0.0027
2025-12-16 13:30:18,BTCUSDT,86039.24,0.011
2025-12-16 13:30:18,ETHUSDT,2924.66,0.0027
2025-12-16 13:30:18,ETHUSDT,2924.66,0.0027
2025-12-16 13:30:19,BTCUSDT,86039.24,0.00349
2025-12-16 13:30:19,ETHUSDT,2924.66,0.0027
2025-12-16 13:30:19,BTCUSDT,86039.24,0.04
2025-12-16 13:30:19,ETHUSDT,2924.66,0.0024
2025-12-16 13:30:19,BTCUSDT,86039.24,0.02347
2025-12-16 13:30:19,ETHUSDT,2924.66,0.0018

2025-12-16 13:30:19,ETHUSDT,2924.66,0.0033
2025-12-16 13:30:19,BTCUSDT,86039.24,6e-05
2025-12-16 13:30:19,ETHUSDT,2924.66,0.0024
2025-12-16 13:30:19,BTCUSDT,86039.24,6e-05
2025-12-16 13:30:19,ETHUSDT,2924.66,0.0027
2025-12-16 13:30:19,BTCUSDT,86039.24,6e-05
2025-12-16 13:30:20,ETHUSDT,2924.66,0.0103
2025-12-16 13:30:20,BTCUSDT,86039.24,0.16935
2025-12-16 13:30:20,ETHUSDT,2924.66,0.0024
2025-12-16 13:30:20,BTCUSDT,86039.24,6e-05
2025-12-16 13:30:20,BTCUSDT,86039.24,6e-05
2025-12-16 13:30:20,ETHUSDT,2924.66,0.0027
2025-12-16 13:30:20,BTCUSDT,86039.24,6e-05
2025-12-16 13:30:20,ETHUSDT,2924.67,0.0018
2025-12-16 13:30:20,ETHUSDT,2924.67,0.0018
2025-12-16 13:30:20,BTCUSDT,86039.24,6e-05
2025-12-16 13:30:20,ETHUSDT,2924.67,0.0018
2025-12-16 13:30:20,ETHUSDT,2924.67,0.0018
2025-12-16 13:30:20,BTCUSDT,86039.24,6e-05
2025-12-16 13:30:20,ETHUSDT,2924.67,0.0018
2025-12-16 13:30:20,BTCUSDT,86039.24,6e-05
2025-12-16 13:30:20,ETHUSDT,2924.67,0.0018
2025-12-16 13:30:20,BTCUSDT,86039.24,6e-05
2025-12-16 13:30:20,ETHUSDT,2924.67,0.0018
2025-12-16 13:30:20,BTCUSDT,86039.24,6e-05
2025-12-16 13:30:20,ETHUSDT,2924.67,0.0018
2025-12-16 13:30:21,ETHUSDT,2924.67,0.0018
2025-12-16 13:30:21,BTCUSDT,86039.24,6e-05
2025-12-16 13:30:21,ETHUSDT,2924.67,0.0018
2025-12-16 13:30:21,BTCUSDT,86039.24,6e-05
2025-12-16 13:30:21,ETHUSDT,2924.67,0.0018
2025-12-16 13:30:21,BTCUSDT,86039.24,0.00012
2025-12-16 13:30:21,ETHUSDT,2924.67,0.0018
2025-12-16 13:30:21,BTCUSDT,86039.24,0.00012
2025-12-16 13:30:21,BTCUSDT,86039.24,0.00012
2025-12-16 13:30:21,ETHUSDT,2924.67,0.0018
2025-12-16 13:30:21,ETHUSDT,2924.67,0.0027
2025-12-16 13:30:21,BTCUSDT,86039.24,0.00012
2025-12-16 13:30:21,ETHUSDT,2924.67,0.0018
2025-12-16 13:30:21,BTCUSDT,86039.24,6e-05
2025-12-16 13:30:21,ETHUSDT,2924.67,0.0027
2025-12-16 13:30:21,ETHUSDT,2924.67,0.0033
2025-12-16 13:30:21,BTCUSDT,86039.24,0.16133
2025-12-16 13:30:21,ETHUSDT,2924.67,0.0018
2025-12-16 13:30:22,BTCUSDT,86039.23,6e-05
2025-12-16 13:30:22,ETHUSDT,2924.67,0.0027
2025-12-16 13:30:22,BTCUSDT,86039.23,6e-05
2025-12-16 13:30:22,ETHUSDT,2924.67,0.0027
2025-12-16 13:30:22,BTCUSDT,86039.23,6e-05
2025-12-16 13:30:22,ETHUSDT,2924.67,0.0024
2025-12-16 13:30:22,BTCUSDT,86039.23,6e-05
2025-12-16 13:30:22,BTCUSDT,86039.23,6e-05
2025-12-16 13:30:22,BTCUSDT,86039.23,6e-05
2025-12-16 13:30:22,ETHUSDT,2924.67,0.0027
2025-12-16 13:30:22,BTCUSDT,86039.23,6e-05
2025-12-16 13:30:22,ETHUSDT,2924.67,0.0027
2025-12-16 13:30:22,BTCUSDT,86039.23,6e-05
2025-12-16 13:30:22,BTCUSDT,86039.23,6e-05
2025-12-16 13:30:22,ETHUSDT,2924.67,0.0018
2025-12-16 13:30:22,BTCUSDT,86039.23,6e-05
2025-12-16 13:30:22,ETHUSDT,2924.67,0.0018
2025-12-16 13:30:23,BTCUSDT,86039.23,6e-05
2025-12-16 13:30:23,ETHUSDT,2924.67,0.0018
2025-12-16 13:30:23,BTCUSDT,86039.23,6e-05
2025-12-16 13:30:23,BTCUSDT,86039.23,6e-05
2025-12-16 13:30:23,ETHUSDT,2924.67,0.0018
2025-12-16 13:30:23,BTCUSDT,86039.23,6e-05
2025-12-16 13:30:23,BTCUSDT,86039.23,6e-05
2025-12-16 13:30:23,ETHUSDT,2924.67,0.0018
2025-12-16 13:30:23,ETHUSDT,2924.67,0.0018
2025-12-16 13:30:23,BTCUSDT,86039.23,6e-05
2025-12-16 13:30:23,ETHUSDT,2924.67,0.0024
2025-12-16 13:30:23,BTCUSDT,86039.0,0.00011
2025-12-16 13:30:23,ETHUSDT,2924.67,0.0018
2025-12-16 13:30:23,ETHUSDT,2924.67,0.0018
2025-12-16 13:30:23,BTCUSDT,86038.74,6e-05
2025-12-16 13:30:23,BTCUSDT,86038.0,0.001
2025-12-16 13:30:23,ETHUSDT,2924.67,0.0024
2025-12-16 13:30:23,BTCUSDT,86038.0,0.0008
2025-12-16 13:30:23,ETHUSDT,2924.67,0.0027
2025-12-16 13:30:23,BTCUSDT,86037.68,0.00139
2025-12-16 13:30:24,ETHUSDT,2924.67,0.0024
2025-12-16 13:30:24,BTCUSDT,86037.42,0.0014
2025-12-16 13:30:24,BTCUSDT,86036.56,6e-05
2025-12-16 13:30:24,ETHUSDT,2924.67,0.0018
2025-12-16 13:30:24,BTCUSDT,86036.56,6e-05
2025-12-16 13:30:24,ETHUSDT,2924.67,0.0024
2025-12-16 13:30:24,BTCUSDT,86036.56,6e-05
2025-12-16 13:30:24,BTCUSDT,86036.56,6e-05
2025-12-16 13:30:24,ETHUSDT,2924.67,0.0024
2025-12-16 13:30:24,ETHUSDT,2924.67,0.1022
2025-12-16 13:30:24,ETHUSDT,2924.67,0.0018
2025-12-16 13:30:24,ETHUSDT,2924.67,0.0024
2025-12-16 13:30:24,BTCUSDT,86036.56,6e-05
2025-12-16 13:30:24,ETHUSDT,2924.67,0.0027
2025-12-16 13:30:24,BTCUSDT,86036.56,6e-05
2025-12-16 13:30:24,ETHUSDT,2924.67,0.4349
2025-12-16 13:30:24,BTCUSDT,86036.56,6e-05
2025-12-16 13:30:24,ETHUSDT,2924.67,0.0033
2025-12-16 13:30:25,BTCUSDT,86036.56,6e-05
2025-12-16 13:30:25,BTCUSDT,86036.56,6e-05
2025-12-16 13:30:25,ETHUSDT,2924.67,0.0024
2025-12-16 13:30:25,BTCUSDT,86036.56,6e-05
2025-12-16 13:30:25,BTCUSDT,86036.56,6e-05
2025-12-16 13:30:25,ETHUSDT,2924.67,0.0024
2025-12-16 13:30:25,BTCUSDT,86036.56,6e-05
2025-12-16 13:30:25,ETHUSDT,2924.67,0.0027
2025-12-16 13:30:25,BTCUSDT,86036.56,6e-05
2025-12-16 13:30:25,ETHUSDT,2924.67,0.0027
2025-12-16 13:30:25,BTCUSDT,86036.56,6e-05
2025-12-16 13:30:25,BTCUSDT,86036.56,0.00026
2025-12-16 13:30:25,ETHUSDT,2924.67,0.0024
2025-12-16 13:30:25,BTCUSDT,86036.56,6e-05
2025-12-16 13:30:26,BTCUSDT,86036.56,0.00012
2025-12-16 13:30:26,ETHUSDT,2924.67,0.0024
2025-12-16 13:30:26,BTCUSDT,86036.55,6e-05
2025-12-16 13:30:26,ETHUSDT,2924.67,0.0027
2025-12-16 13:30:26,BTCUSDT,86036.55,6e-05
2025-12-16 13:30:26,BTCUSDT,86036.55,6e-05
2025-12-16 13:30:26,ETHUSDT,2924.67,0.0027
2025-12-16 13:30:26,BTCUSDT,86036.55,6e-05
2025-12-16 13:30:26,ETHUSDT,2924.67,0.0027
2025-12-16 13:30:26,BTCUSDT,86036.55,6e-05
2025-12-16 13:30:26,ETHUSDT,2924.67,0.0027
2025-12-16 13:30:26,BTCUSDT,86036.55,6e-05
2025-12-16 13:30:26,BTCUSDT,86036.55,6e-05
2025-12-16 13:30:26,BTCUSDT,86036.55,6e-05
2025-12-16 13:30:26,ETHUSDT,2924.67,0.0027
2025-12-16 13:30:26,BTCUSDT,86036.55,6e-05
2025-12-16 13:30:26,ETHUSDT,2924.67,0.0018
2025-12-16 13:30:27,ETHUSDT,2924.68,0.0018
2025-12-16 13:30:27,ETHUSDT,2924.68,0.0018
2025-12-16 13:30:27,BTCUSDT,86036.55,6e-05
2025-12-16 13:30:27,BTCUSDT,86036.55,6e-05
2025-12-16 13:30:27,ETHUSDT,2924.68,0.0018
2025-12-16 13:30:27,BTCUSDT,86036.55,6e-05
2025-12-16 13:30:27,ETHUSDT,2924.68,0.0018
2025-12-16 13:30:27,ETHUSDT,2924.68,0.0018
2025-12-16 13:30:27,BTCUSDT,86036.55,6e-05
2025-12-16 13:30:27,ETHUSDT,2924.68,0.0018
2025-12-16 13:30:27,BTCUSDT,86036.55,6e-05
2025-12-16 13:30:27,ETHUSDT,2924.68,0.0018
2025-12-16 13:30:27,ETHUSDT,2924.68,0.0018
2025-12-16 13:30:27,BTCUSDT,86036.1,7e-05
2025-12-16 13:30:27,ETHUSDT,2924.68,0.0018
2025-12-16 13:30:27,BTCUSDT,86036.0,0.001
2025-12-16 13:30:27,ETHUSDT,2924.68,0.0018
2025-12-16 13:30:28,BTCUSDT,86036.0,0.0008
2025-12-16 13:30:28,ETHUSDT,2924.68,0.0018
2025-12-16 13:30:28,ETHUSDT,2924.68,0.0018

2025-12-16 13:30:28,ETHUSDT,2924.68,0.0018
2025-12-16 13:30:28,BTCUSDT,86035.12,0.00785
2025-12-16 13:30:28,ETHUSDT,2924.68,0.0018
2025-12-16 13:30:28,BTCUSDT,86035.12,0.00817
2025-12-16 13:30:28,ETHUSDT,2924.68,0.0018
2025-12-16 13:30:28,ETHUSDT,2924.69,0.0018
2025-12-16 13:30:28,BTCUSDT,86035.12,0.00497
2025-12-16 13:30:28,ETHUSDT,2924.7,0.0018

2025-12-16 13:30:28,BTCUSDT,86035.12,6e-05
2025-12-16 13:30:28,BTCUSDT,86035.12,6e-05
2025-12-16 13:30:28,BTCUSDT,86035.12,6e-05
2025-12-16 13:30:28,ETHUSDT,2924.73,0.0018
2025-12-16 13:30:28,BTCUSDT,86035.12,6e-05
2025-12-16 13:30:28,ETHUSDT,2924.73,0.0018
2025-12-16 13:30:28,ETHUSDT,2924.73,0.0018
2025-12-16 13:30:28,BTCUSDT,86035.12,6e-05
2025-12-16 13:30:29,BTCUSDT,86035.12,6e-05
2025-12-16 13:30:29,ETHUSDT,2924.73,0.0018
2025-12-16 13:30:29,BTCUSDT,86035.12,6e-05
2025-12-16 13:30:29,ETHUSDT,2924.74,0.8
2025-12-16 13:30:29,BTCUSDT,86035.12,6e-05
2025-12-16 13:30:29,ETHUSDT,2924.74,0.0027
2025-12-16 13:30:29,BTCUSDT,86035.12,6e-05
2025-12-16 13:30:30,ETHUSDT,2924.74,0.0018
2025-12-16 13:30:30,BTCUSDT,86035.12,6e-05
2025-12-16 13:30:30,ETHUSDT,2924.74,0.0018
2025-12-16 13:30:30,BTCUSDT,86035.12,6e-05
2025-12-16 13:30:30,ETHUSDT,2924.75,0.0018
2025-12-16 13:30:31,BTCUSDT,86035.12,0.00012
2025-12-16 13:30:31,ETHUSDT,2924.76,0.005
2025-12-16 13:30:31,ETHUSDT,2924.76,0.0018
2025-12-16 13:30:31,BTCUSDT,86035.12,6e-05
2025-12-16 13:30:31,ETHUSDT,2924.78,0.0018
2025-12-16 13:30:31,BTCUSDT,86035.12,6e-05
2025-12-16 13:30:31,ETHUSDT,2924.82,0.0702
2025-12-16 13:30:31,BTCUSDT,86035.12,6e-05
2025-12-16 13:30:31,ETHUSDT,2924.83,0.0024
2025-12-16 13:30:31,BTCUSDT,86035.11,6e-05
2025-12-16 13:30:31,ETHUSDT,2924.83,1.8152
2025-12-16 13:30:31,BTCUSDT,86035.11,6e-05
2025-12-16 13:30:31,ETHUSDT,2924.82,0.1271
2025-12-16 13:30:31,BTCUSDT,86035.11,6e-05
2025-12-16 13:30:31,ETHUSDT,2924.82,0.0076
2025-12-16 13:30:31,BTCUSDT,86035.11,6e-05
2025-12-16 13:30:31,ETHUSDT,2924.82,0.0033
2025-12-16 13:30:31,BTCUSDT,86035.11,6e-05
2025-12-16 13:30:32,ETHUSDT,2924.82,0.0033
2025-12-16 13:30:32,ETHUSDT,2924.82,0.0024
2025-12-16 13:30:32,BTCUSDT,86035.11,6e-05
2025-12-16 13:30:32,BTCUSDT,86035.11,6e-05
2025-12-16 13:30:32,ETHUSDT,2924.82,0.0024
2025-12-16 13:30:32,BTCUSDT,86035.11,6e-05
2025-12-16 13:30:32,ETHUSDT,2924.82,0.0024
2025-12-16 13:30:32,BTCUSDT,86035.11,6e-05
2025-12-16 13:30:32,ETHUSDT,2924.82,0.0024
2025-12-16 13:30:32,BTCUSDT,86035.11,6e-05
2025-12-16 13:30:32,ETHUSDT,2924.82,0.0024
2025-12-16 13:30:32,BTCUSDT,86035.11,6e-05
2025-12-16 13:30:32,BTCUSDT,86035.11,6e-05
2025-12-16 13:30:33,ETHUSDT,2924.82,0.0033
2025-12-16 13:30:33,BTCUSDT,86035.11,6e-05
2025-12-16 13:30:33,ETHUSDT,2924.82,0.0474
2025-12-16 13:30:33,BTCUSDT,86035.11,6e-05
2025-12-16 13:30:33,BTCUSDT,86035.11,6e-05
2025-12-16 13:30:33,ETHUSDT,2924.82,0.0024
2025-12-16 13:30:33,ETHUSDT,2924.82,0.0024
2025-12-16 13:30:33,BTCUSDT,86035.1,0.00279
2025-12-16 13:30:33,ETHUSDT,2924.82,0.0024
2025-12-16 13:30:33,BTCUSDT,86035.08,6e-05
2025-12-16 13:30:33,BTCUSDT,86035.05,0.015
2025-12-16 13:30:33,ETHUSDT,2924.82,0.0024
2025-12-16 13:30:34,BTCUSDT,86034.67,9e-05
2025-12-16 13:30:34,ETHUSDT,2924.82,0.0018
2025-12-16 13:30:34,BTCUSDT,86034.38,0.0025
2025-12-16 13:30:34,ETHUSDT,2924.82,0.0024
2025-12-16 13:30:34,ETHUSDT,2924.82,0.0018
2025-12-16 13:30:34,BTCUSDT,86034.38,0.0005
2025-12-16 13:30:34,ETHUSDT,2924.82,0.0024
2025-12-16 13:30:34,BTCUSDT,86034.0,0.001
2025-12-16 13:30:34,ETHUSDT,2924.82,0.0018
2025-12-16 13:30:34,BTCUSDT,86034.0,0.0008
2025-12-16 13:30:34,ETHUSDT,2924.82,0.0018
2025-12-16 13:30:34,BTCUSDT,86033.54,0.00027
2025-12-16 13:30:34,ETHUSDT,2924.82,0.0018
2025-12-16 13:30:34,ETHUSDT,2924.81,0.0018
2025-12-16 13:30:34,BTCUSDT,86034.37,6e-05
2025-12-16 13:30:34,ETHUSDT,2924.81,0.0018
2025-12-16 13:30:34,ETHUSDT,2924.81,0.0018
2025-12-16 13:30:34,BTCUSDT,86033.54,0.00064
2025-12-16 13:30:34,ETHUSDT,2924.81,0.0018
2025-12-16 13:30:35,ETHUSDT,2924.8,0.0018
2025-12-16 13:30:35,BTCUSDT,86033.54,0.00675
2025-12-16 13:30:35,ETHUSDT,2924.79,0.0018
2025-12-16 13:30:35,BTCUSDT,86033.52,0.00052
2025-12-16 13:30:35,ETHUSDT,2924.79,0.0018
2025-12-16 13:30:35,BTCUSDT,86033.52,0.00248
2025-12-16 13:30:35,ETHUSDT,2924.79,0.0018
2025-12-16 13:30:35,BTCUSDT,86033.09,6e-05
2025-12-16 13:30:36,ETHUSDT,2924.79,0.0018
2025-12-16 13:30:36,ETHUSDT,2924.78,1.0262

2025-12-16 13:30:36,ETHUSDT,2924.79,0.0134
2025-12-16 13:30:36,BTCUSDT,86033.09,0.00255
2025-12-16 13:30:36,ETHUSDT,2924.79,0.2844
2025-12-16 13:30:36,BTCUSDT,86033.09,0.00255
2025-12-16 13:30:36,ETHUSDT,2924.79,0.0051
2025-12-16 13:30:36,BTCUSDT,86033.09,0.00735
2025-12-16 13:30:36,BTCUSDT,86033.09,6e-05
2025-12-16 13:30:36,ETHUSDT,2924.79,0.1163
2025-12-16 13:30:36,BTCUSDT,86033.09,6e-05
2025-12-16 13:30:36,BTCUSDT,86033.09,6e-05
2025-12-16 13:30:36,ETHUSDT,2924.79,0.0834
2025-12-16 13:30:36,BTCUSDT,86033.09,0.00012
2025-12-16 13:30:36,ETHUSDT,2924.78,0.1396
2025-12-16 13:30:37,BTCUSDT,86033.09,6e-05
2025-12-16 13:30:37,ETHUSDT,2924.78,0.0285
2025-12-16 13:30:37,BTCUSDT,86033.09,6e-05
2025-12-16 13:30:37,ETHUSDT,2924.79,0.1063
2025-12-16 13:30:37,BTCUSDT,86033.09,6e-05
2025-12-16 13:30:37,ETHUSDT,2924.78,0.5849
2025-12-16 13:30:37,BTCUSDT,86033.08,6e-05
2025-12-16 13:30:37,ETHUSDT,2924.78,0.9
2025-12-16 13:30:37,BTCUSDT,86033.08,6e-05
2025-12-16 13:30:37,ETHUSDT,2924.78,0.8709
2025-12-16 13:30:37,BTCUSDT,86033.08,6e-05
2025-12-16 13:30:37,ETHUSDT,2924.78,0.0018
2025-12-16 13:30:37,BTCUSDT,86033.08,6e-05
2025-12-16 13:30:37,ETHUSDT,2924.78,0.0033
2025-12-16 13:30:37,BTCUSDT,86033.08,6e-05
2025-12-16 13:30:37,ETHUSDT,2924.78,0.0024
2025-12-16 13:30:37,BTCUSDT,86033.08,6e-05
2025-12-16 13:30:37,ETHUSDT,2924.78,0.0024
2025-12-16 13:30:37,BTCUSDT,86032.73,7e-05
2025-12-16 13:30:37,ETHUSDT,2924.78,0.0024
2025-12-16 13:30:38,BTCUSDT,86032.06,6e-05
2025-12-16 13:30:38,ETHUSDT,2924.78,0.0024
2025-12-16 13:30:38,BTCUSDT,86032.01,3e-05
2025-12-16 13:30:38,ETHUSDT,2924.78,0.0024
2025-12-16 13:30:38,BTCUSDT,86032.01,0.00055
2025-12-16 13:30:38,BTCUSDT,86032.0,0.001
2025-12-16 13:30:38,ETHUSDT,2924.78,0.0033
2025-12-16 13:30:38,BTCUSDT,86032.0,0.0008
2025-12-16 13:30:39,BTCUSDT,86031.72,0.00012
2025-12-16 13:30:39,ETHUSDT,2924.78,0.0024
2025-12-16 13:30:39,BTCUSDT,86031.09,0.00067
2025-12-16 13:30:39,BTCUSDT,86031.09,0.00083
2025-12-16 13:30:39,ETHUSDT,2924.78,0.0033
2025-12-16 13:30:39,ETHUSDT,2924.78,0.0024
2025-12-16 13:30:39,BTCUSDT,86030.8,0.001
2025-12-16 13:30:40,ETHUSDT,2924.78,0.0024
2025-12-16 13:30:40,BTCUSDT,86030.64,2e-05
2025-12-16 13:30:40,ETHUSDT,2924.78,0.0024
2025-12-16 13:30:40,BTCUSDT,86032.01,6e-05
2025-12-16 13:30:40,ETHUSDT,2924.78,0.0024
2025-12-16 13:30:40,BTCUSDT,86032.01,0.00012
2025-12-16 13:30:40,ETHUSDT,2924.78,0.0024
2025-12-16 13:30:40,BTCUSDT,86032.01,6e-05
2025-12-16 13:30:40,ETHUSDT,2924.78,0.0024
2025-12-16 13:30:40,BTCUSDT,86032.01,6e-05
2025-12-16 13:30:40,ETHUSDT,2924.78,0.0024
2025-12-16 13:30:40,BTCUSDT,86032.01,6e-05
2025-12-16 13:30:40,ETHUSDT,2924.78,0.0018
2025-12-16 13:30:40,BTCUSDT,86032.01,6e-05
2025-12-16 13:30:40,ETHUSDT,2924.78,0.0018
2025-12-16 13:30:40,BTCUSDT,86032.01,6e-05
2025-12-16 13:30:40,ETHUSDT,2924.78,0.0018
2025-12-16 13:30:41,ETHUSDT,2924.78,0.0018
2025-12-16 13:30:41,ETHUSDT,2924.78,0.0018
2025-12-16 13:30:41,BTCUSDT,86032.01,6e-05
2025-12-16 13:30:41,BTCUSDT,86032.01,6e-05
2025-12-16 13:30:41,ETHUSDT,2924.78,0.0018
2025-12-16 13:30:41,ETHUSDT,2924.78,0.0018
2025-12-16 13:30:41,BTCUSDT,86032.01,6e-05
2025-12-16 13:30:41,ETHUSDT,2924.77,0.0018
2025-12-16 13:30:41,BTCUSDT,86032.01,6e-05
2025-12-16 13:30:41,ETHUSDT,2924.77,0.0018
2025-12-16 13:30:42,BTCUSDT,86032.01,6e-05
2025-12-16 13:30:42,ETHUSDT,2924.77,0.0018
2025-12-16 13:30:42,BTCUSDT,86032.01,6e-05
2025-12-16 13:30:42,ETHUSDT,2924.76,0.0018
2025-12-16 13:30:42,BTCUSDT,86032.01,6e-05
2025-12-16 13:30:42,ETHUSDT,2924.75,0.0018
2025-12-16 13:30:42,BTCUSDT,86032.01,6e-05
2025-12-16 13:30:42,ETHUSDT,2924.75,0.0018
2025-12-16 13:30:42,BTCUSDT,86032.01,6e-05
2025-12-16 13:30:42,ETHUSDT,2924.74,0.0018
2025-12-16 13:30:42,BTCUSDT,86032.01,6e-05
2025-12-16 13:30:42,ETHUSDT,2924.74,0.005
2025-12-16 13:30:42,BTCUSDT,86032.01,6e-05
2025-12-16 13:30:42,ETHUSDT,2924.73,0.0018
2025-12-16 13:30:42,BTCUSDT,86032.01,6e-05
2025-12-16 13:30:42,ETHUSDT,2924.72,0.0018
2025-12-16 13:30:42,BTCUSDT,86032.01,6e-05
2025-12-16 13:30:42,ETHUSDT,2924.72,0.0018
2025-12-16 13:30:42,ETHUSDT,2924.71,0.0018
2025-12-16 13:30:42,BTCUSDT,86032.01,6e-05
2025-12-16 13:30:42,BTCUSDT,86032.01,6e-05
2025-12-16 13:30:42,ETHUSDT,2924.66,0.0018
2025-12-16 13:30:43,BTCUSDT,86032.0,6e-05
2025-12-16 13:30:43,ETHUSDT,2924.66,0.0018
2025-12-16 13:30:43,ETHUSDT,2924.66,0.0018
2025-12-16 13:30:43,BTCUSDT,86032.0,6e-05
2025-12-16 13:30:43,BTCUSDT,86032.0,6e-05
2025-12-16 13:30:43,ETHUSDT,2924.66,0.0018
2025-12-16 13:30:43,BTCUSDT,86032.0,6e-05
2025-12-16 13:30:43,ETHUSDT,2924.65,0.0562
2025-12-16 13:30:43,ETHUSDT,2924.65,0.1063
2025-12-16 13:30:43,BTCUSDT,86032.0,6e-05
2025-12-16 13:30:43,ETHUSDT,2924.65,0.0018
2025-12-16 13:30:43,BTCUSDT,86032.0,6e-05
2025-12-16 13:30:43,ETHUSDT,2924.65,0.0018
2025-12-16 13:30:43,BTCUSDT,86032.0,6e-05
2025-12-16 13:30:43,ETHUSDT,2924.65,0.0018
2025-12-16 13:30:43,BTCUSDT,86032.0,6e-05
2025-12-16 13:30:43,ETHUSDT,2924.65,0.0018
2025-12-16 13:30:43,ETHUSDT,2924.65,0.0033
2025-12-16 13:30:43,ETHUSDT,2924.65,0.0018
2025-12-16 13:30:43,BTCUSDT,86032.0,6e-05
2025-12-16 13:30:43,BTCUSDT,86032.0,6e-05
2025-12-16 13:30:43,ETHUSDT,2924.65,0.0018
2025-12-16 13:30:44,BTCUSDT,86032.0,6e-05
2025-12-16 13:30:44,ETHUSDT,2924.65,0.0018
2025-12-16 13:30:44,ETHUSDT,2924.65,0.0018
2025-12-16 13:30:44,BTCUSDT,86032.0,6e-05
2025-12-16 13:30:44,ETHUSDT,2924.65,0.0024
2025-12-16 13:30:44,BTCUSDT,86032.0,6e-05
2025-12-16 13:30:44,ETHUSDT,2924.65,0.0024
2025-12-16 13:30:44,BTCUSDT,86032.0,6e-05
2025-12-16 13:30:44,BTCUSDT,86032.0,6e-05
2025-12-16 13:30:44,ETHUSDT,2924.65,0.0024
2025-12-16 13:30:44,BTCUSDT,86032.0,6e-05
2025-12-16 13:30:44,ETHUSDT,2924.65,0.0024
2025-12-16 13:30:44,ETHUSDT,2924.65,0.0024
2025-12-16 13:30:45,BTCUSDT,86032.0,6e-05
2025-12-16 13:30:45,BTCUSDT,86032.0,6e-05
2025-12-16 13:30:45,ETHUSDT,2924.65,0.0024
2025-12-16 13:30:45,BTCUSDT,86032.0,6e-05
2025-12-16 13:30:45,ETHUSDT,2924.65,0.0018
2025-12-16 13:30:45,BTCUSDT,86030.64,0.00248
2025-12-16 13:30:45,BTCUSDT,86030.11,6e-05
2025-12-16 13:30:45,ETHUSDT,2924.65,0.0018
2025-12-16 13:30:45,ETHUSDT,2924.65,0.0018
2025-12-16 13:30:45,BTCUSDT,86030.0,0.00018
2025-12-16 13:30:45,ETHUSDT,2924.64,0.0018
2025-12-16 13:30:45,BTCUSDT,86030.0,0.00082
2025-12-16 13:30:45,ETHUSDT,2924.64,0.0018
2025-12-16 13:30:45,BTCUSDT,86030.0,0.0008
2025-12-16 13:30:45,BTCUSDT,86030.0,6e-05
2025-12-16 13:30:45,ETHUSDT,2924.64,0.0018
2025-12-16 13:30:45,ETHUSDT,2924.64,0.0018
2025-12-16 13:30:45,BTCUSDT,86030.0,6e-05
2025-12-16 13:30:45,BTCUSDT,86030.0,0.00523
2025-12-16 13:30:45,ETHUSDT,2924.64,0.0018
2025-12-16 13:30:45,ETHUSDT,2924.64,0.0018
2025-12-16 13:30:46,BTCUSDT,86030.0,6e-05
2025-12-16 13:30:46,ETHUSDT,2924.64,0.0018
2025-12-16 13:30:46,BTCUSDT,86030.0,6e-05
2025-12-16 13:30:46,ETHUSDT,2924.64,0.0018
2025-12-16 13:30:46,BTCUSDT,86030.0,6e-05
2025-12-16 13:30:46,ETHUSDT,2924.64,0.0018
2025-12-16 13:30:46,ETHUSDT,2924.64,0.0018
2025-12-16 13:30:46,BTCUSDT,86030.0,0.00012
2025-12-16 13:30:46,ETHUSDT,2924.62,0.016
2025-12-16 13:30:46,BTCUSDT,86030.0,6e-05
2025-12-16 13:30:46,ETHUSDT,2924.62,0.0018
2025-12-16 13:30:46,BTCUSDT,86030.0,6e-05
2025-12-16 13:30:46,ETHUSDT,2924.61,0.0018
2025-12-16 13:30:46,BTCUSDT,86030.0,6e-05
2025-12-16 13:30:46,ETHUSDT,2924.6,0.002
2025-12-16 13:30:46,BTCUSDT,86030.0,6e-05
2025-12-16 13:30:46,ETHUSDT,2924.6,0.0018
2025-12-16 13:30:46,BTCUSDT,86030.0,0.0009
2025-12-16 13:30:46,ETHUSDT,2924.58,0.0018
2025-12-16 13:30:46,BTCUSDT,86030.0,0.0013
2025-12-16 13:30:47,ETHUSDT,2924.58,0.0018
2025-12-16 13:30:47,BTCUSDT,86030.0,0.00306
2025-12-16 13:30:47,ETHUSDT,2924.58,0.0018
2025-12-16 13:30:47,BTCUSDT,86030.0,0.00697
2025-12-16 13:30:47,ETHUSDT,2924.58,0.0018
2025-12-16 13:30:47,BTCUSDT,86030.0,0.00581
2025-12-16 13:30:47,BTCUSDT,86030.0,0.00697
2025-12-16 13:30:47,ETHUSDT,2924.57,0.0581
2025-12-16 13:30:47,BTCUSDT,86030.0,0.00401
2025-12-16 13:30:47,BTCUSDT,86030.0,0.00012
2025-12-16 13:30:47,ETHUSDT,2924.58,0.0314
2025-12-16 13:30:47,BTCUSDT,86030.0,6e-05
2025-12-16 13:30:47,BTCUSDT,86030.0,6e-05
2025-12-16 13:30:47,ETHUSDT,2924.58,0.0231
2025-12-16 13:30:47,BTCUSDT,86030.0,6e-05
2025-12-16 13:30:48,BTCUSDT,86029.99,6e-05
2025-12-16 13:30:48,ETHUSDT,2924.57,0.0342
2025-12-16 13:30:48,BTCUSDT,86029.99,6e-05
2025-12-16 13:30:48,ETHUSDT,2924.57,0.05
2025-12-16 13:30:48,BTCUSDT,86029.99,6e-05
2025-12-16 13:30:48,BTCUSDT,86029.99,6e-05
2025-12-16 13:30:48,ETHUSDT,2924.57,0.8
2025-12-16 13:30:48,ETHUSDT,2924.57,0.047
2025-12-16 13:30:48,BTCUSDT,86029.99,6e-05
2025-12-16 13:30:48,ETHUSDT,2924.57,0.013
2025-12-16 13:30:48,BTCUSDT,86029.99,6e-05
2025-12-16 13:30:48,BTCUSDT,86029.99,6e-05
2025-12-16 13:30:48,ETHUSDT,2924.57,0.1987
2025-12-16 13:30:48,BTCUSDT,86029.99,6e-05
2025-12-16 13:30:48,ETHUSDT,2924.57,0.0018
2025-12-16 13:30:48,ETHUSDT,2924.57,0.0024
2025-12-16 13:30:48,BTCUSDT,86029.99,6e-05
2025-12-16 13:30:48,ETHUSDT,2924.57,0.0018
2025-12-16 13:30:48,BTCUSDT,86029.99,6e-05
2025-12-16 13:30:48,ETHUSDT,2924.57,0.0024
2025-12-16 13:30:48,BTCUSDT,86029.99,6e-05
2025-12-16 13:30:48,ETHUSDT,2924.57,0.0024
2025-12-16 13:30:49,BTCUSDT,86029.99,6e-05
2025-12-16 13:30:49,ETHUSDT,2924.57,0.0024
2025-12-16 13:30:49,ETHUSDT,2924.57,0.0033
2025-12-16 13:30:49,ETHUSDT,2924.57,0.0018
2025-12-16 13:30:49,BTCUSDT,86029.57,0.00294
2025-12-16 13:30:49,ETHUSDT,2924.57,0.0018
2025-12-16 13:30:49,BTCUSDT,86029.57,0.00229
2025-12-16 13:30:49,BTCUSDT,86029.57,6e-05
2025-12-16 13:30:49,ETHUSDT,2924.57,0.0018
2025-12-16 13:30:49,BTCUSDT,86029.57,6e-05
2025-12-16 13:30:49,BTCUSDT,86029.57,6e-05
2025-12-16 13:30:49,ETHUSDT,2924.57,0.0018
2025-12-16 13:30:49,ETHUSDT,2924.57,0.0018
2025-12-16 13:30:49,BTCUSDT,86029.57,6e-05
2025-12-16 13:30:49,ETHUSDT,2924.57,0.0018
2025-12-16 13:30:49,ETHUSDT,2924.57,0.0018
2025-12-16 13:30:49,BTCUSDT,86029.57,6e-05
2025-12-16 13:30:50,ETHUSDT,2924.57,0.0018
2025-12-16 13:30:50,BTCUSDT,86029.57,6e-05
2025-12-16 13:30:50,ETHUSDT,2924.57,0.0018
2025-12-16 13:30:50,BTCUSDT,86029.56,6e-05
2025-12-16 13:30:50,ETHUSDT,2924.57,0.0018
2025-12-16 13:30:50,BTCUSDT,86029.56,6e-05
2025-12-16 13:30:50,ETHUSDT,2924.57,0.0018
2025-12-16 13:30:50,BTCUSDT,86029.56,6e-05
2025-12-16 13:30:50,ETHUSDT,2924.57,0.0018
2025-12-16 13:30:50,BTCUSDT,86029.56,6e-05
2025-12-16 13:30:50,ETHUSDT,2924.57,0.003
2025-12-16 13:30:50,BTCUSDT,86029.36,7e-05
2025-12-16 13:30:50,ETHUSDT,2924.57,0.093
2025-12-16 13:30:50,BTCUSDT,86029.57,6e-05
2025-12-16 13:30:50,ETHUSDT,2924.57,0.0033
2025-12-16 13:30:50,BTCUSDT,86029.57,0.00012
2025-12-16 13:30:50,ETHUSDT,2924.57,0.0018
2025-12-16 13:30:50,BTCUSDT,86029.57,6e-05
2025-12-16 13:30:50,ETHUSDT,2924.57,0.0018
2025-12-16 13:30:50,BTCUSDT,86029.57,6e-05
2025-12-16 13:30:50,BTCUSDT,86029.57,6e-05
2025-12-16 13:30:51,BTCUSDT,86029.57,6e-05
2025-12-16 13:30:51,ETHUSDT,2924.57,0.0024
2025-12-16 13:30:51,BTCUSDT,86029.56,6e-05
2025-12-16 13:30:51,BTCUSDT,86029.56,6e-05
2025-12-16 13:30:51,BTCUSDT,86029.56,6e-05
2025-12-16 13:30:51,ETHUSDT,2924.57,0.0024
2025-12-16 13:30:51,BTCUSDT,86029.56,6e-05
2025-12-16 13:30:51,ETHUSDT,2924.57,0.0024
2025-12-16 13:30:51,BTCUSDT,86029.56,6e-05
2025-12-16 13:30:51,ETHUSDT,2924.57,0.0018
2025-12-16 13:30:51,BTCUSDT,86029.56,6e-05
2025-12-16 13:30:51,ETHUSDT,2924.57,0.0024
2025-12-16 13:30:51,BTCUSDT,86029.56,6e-05
2025-12-16 13:30:51,ETHUSDT,2924.57,0.0024
2025-12-16 13:30:51,BTCUSDT,86029.09,6e-05
2025-12-16 13:30:51,ETHUSDT,2924.57,0.0018
2025-12-16 13:30:51,ETHUSDT,2924.57,0.0018
2025-12-16 13:30:51,BTCUSDT,86028.92,0.00059
2025-12-16 13:30:51,ETHUSDT,2924.57,0.0018
2025-12-16 13:30:51,BTCUSDT,86028.92,0.00042
2025-12-16 13:30:51,ETHUSDT,2924.57,0.0018
2025-12-16 13:30:51,ETHUSDT,2924.56,0.031
2025-12-16 13:30:51,BTCUSDT,86028.92,0.0048
2025-12-16 13:30:51,BTCUSDT,86028.92,6e-05
2025-12-16 13:30:51,ETHUSDT,2924.56,0.0018
2025-12-16 13:30:52,BTCUSDT,86028.92,6e-05
2025-12-16 13:30:52,ETHUSDT,2924.56,0.0018
2025-12-16 13:30:52,BTCUSDT,86028.92,6e-05
2025-12-16 13:30:52,ETHUSDT,2924.56,0.0018
2025-12-16 13:30:52,BTCUSDT,86028.92,6e-05
2025-12-16 13:30:52,BTCUSDT,86028.92,6e-05
2025-12-16 13:30:52,ETHUSDT,2924.56,0.0018
2025-12-16 13:30:52,ETHUSDT,2924.56,0.0018
2025-12-16 13:30:52,BTCUSDT,86028.92,6e-05
2025-12-16 13:30:52,BTCUSDT,86028.92,6e-05
2025-12-16 13:30:52,ETHUSDT,2924.56,0.0018
2025-12-16 13:30:52,BTCUSDT,86028.92,6e-05
2025-12-16 13:30:52,ETHUSDT,2924.56,0.0018
2025-12-16 13:30:52,BTCUSDT,86028.92,6e-05
2025-12-16 13:30:52,ETHUSDT,2924.56,0.0018
2025-12-16 13:30:52,ETHUSDT,2924.56,0.0018
2025-12-16 13:30:52,BTCUSDT,86028.92,0.00733
2025-12-16 13:30:53,BTCUSDT,86028.92,6e-05
2025-12-16 13:30:53,ETHUSDT,2924.55,0.0018
2025-12-16 13:30:53,BTCUSDT,86028.92,0.00094
2025-12-16 13:30:53,BTCUSDT,86028.92,0.014
2025-12-16 13:30:53,ETHUSDT,2924.54,0.0018
2025-12-16 13:30:53,BTCUSDT,86028.92,0.012
2025-12-16 13:30:53,ETHUSDT,2924.53,0.0018
2025-12-16 13:30:53,BTCUSDT,86028.92,0.02325
2025-12-16 13:30:53,ETHUSDT,2924.52,0.0018
2025-12-16 13:30:53,ETHUSDT,2924.52,0.0018
2025-12-16 13:30:53,BTCUSDT,86028.92,0.00012
2025-12-16 13:30:53,ETHUSDT,2924.5,0.002
2025-12-16 13:30:53,BTCUSDT,86028.92,6e-05
2025-12-16 13:30:53,ETHUSDT,2924.5,0.0018
2025-12-16 13:30:53,BTCUSDT,86028.92,0.00012
2025-12-16 13:30:53,ETHUSDT,2924.48,0.0018
2025-12-16 13:30:53,BTCUSDT,86028.92,6e-05
2025-12-16 13:30:53,ETHUSDT,2924.48,0.0018
2025-12-16 13:30:53,BTCUSDT,86028.92,6e-05
2025-12-16 13:30:53,ETHUSDT,2924.48,0.0018
2025-12-16 13:30:53,BTCUSDT,86028.92,6e-05
2025-12-16 13:30:54,BTCUSDT,86028.92,6e-05
2025-12-16 13:30:54,ETHUSDT,2924.48,0.0018
2025-12-16 13:30:54,BTCUSDT,86028.92,0.00225
2025-12-16 13:30:54,BTCUSDT,86028.92,6e-05
2025-12-16 13:30:54,ETHUSDT,2924.47,0.052
2025-12-16 13:30:54,ETHUSDT,2924.47,0.0018
2025-12-16 13:30:54,ETHUSDT,2924.43,0.0018
2025-12-16 13:30:54,BTCUSDT,86028.92,6e-05
2025-12-16 13:30:54,ETHUSDT,2924.42,0.0376
2025-12-16 13:30:54,ETHUSDT,2924.42,0.0018
2025-12-16 13:30:54,BTCUSDT,86028.92,0.01802
2025-12-16 13:30:54,BTCUSDT,86028.92,0.00967
2025-12-16 13:30:54,ETHUSDT,2924.4,0.002
2025-12-16 13:30:54,BTCUSDT,86028.92,0.00012
2025-12-16 13:30:54,ETHUSDT,2924.4,0.0157
2025-12-16 13:30:54,BTCUSDT,86028.92,0.00055
2025-12-16 13:30:54,ETHUSDT,2924.4,0.0018
2025-12-16 13:30:54,BTCUSDT,86028.92,6e-05
2025-12-16 13:30:55,ETHUSDT,2924.4,0.0018
2025-12-16 13:30:55,BTCUSDT,86028.91,6e-05
2025-12-16 13:30:55,ETHUSDT,2924.4,0.0018
2025-12-16 13:30:55,ETHUSDT,2924.39,0.077
2025-12-16 13:30:55,BTCUSDT,86028.91,6e-05
2025-12-16 13:30:55,ETHUSDT,2924.36,0.0308
2025-12-16 13:30:55,ETHUSDT,2924.35,0.0018
2025-12-16 13:30:55,BTCUSDT,86028.91,6e-05
2025-12-16 13:30:55,ETHUSDT,2924.35,0.0018
2025-12-16 13:30:55,BTCUSDT,86028.91,6e-05
2025-12-16 13:30:55,ETHUSDT,2924.35,0.0018
2025-12-16 13:30:55,ETHUSDT,2924.34,0.0408
2025-12-16 13:30:55,BTCUSDT,86028.91,6e-05
2025-12-16 13:30:55,ETHUSDT,2924.34,0.0341
2025-12-16 13:30:55,BTCUSDT,86028.91,6e-05
2025-12-16 13:30:55,ETHUSDT,2924.32,0.0018
2025-12-16 13:30:55,BTCUSDT,86028.91,6e-05
2025-12-16 13:30:55,ETHUSDT,2924.32,0.0018
2025-12-16 13:30:55,BTCUSDT,86028.91,6e-05
2025-12-16 13:30:56,BTCUSDT,86028.91,6e-05
2025-12-16 13:30:56,ETHUSDT,2924.32,0.0018
2025-12-16 13:30:56,BTCUSDT,86028.91,6e-05
2025-12-16 13:30:56,ETHUSDT,2924.32,2.2901
2025-12-16 13:30:56,ETHUSDT,2924.32,0.0032
2025-12-16 13:30:56,BTCUSDT,86028.91,6e-05
2025-12-16 13:30:56,BTCUSDT,86028.91,6e-05
2025-12-16 13:30:56,ETHUSDT,2924.32,0.1163
2025-12-16 13:30:56,BTCUSDT,86028.83,6e-05
2025-12-16 13:30:56,ETHUSDT,2924.32,0.0834
2025-12-16 13:30:56,BTCUSDT,86028.59,6e-05
2025-12-16 13:30:56,ETHUSDT,2924.31,0.0073
2025-12-16 13:30:56,BTCUSDT,86028.39,6e-05
2025-12-16 13:30:56,ETHUSDT,2924.32,0.0027
2025-12-16 13:30:56,BTCUSDT,86028.27,0.0045
2025-12-16 13:30:56,ETHUSDT,2924.32,0.0027
2025-12-16 13:30:56,BTCUSDT,86028.0,0.001
2025-12-16 13:30:56,ETHUSDT,2924.32,0.0033
2025-12-16 13:30:56,BTCUSDT,86028.0,0.0008
2025-12-16 13:30:56,ETHUSDT,2924.32,0.0027
2025-12-16 13:30:56,BTCUSDT,86028.0,6e-05
2025-12-16 13:30:56,ETHUSDT,2924.32,0.0024
2025-12-16 13:30:56,BTCUSDT,86028.0,6e-05
2025-12-16 13:30:57,ETHUSDT,2924.32,0.0024
2025-12-16 13:30:57,BTCUSDT,86027.99,6e-05
2025-12-16 13:30:57,ETHUSDT,2924.32,0.0024
2025-12-16 13:30:57,BTCUSDT,86027.99,6e-05
2025-12-16 13:30:57,ETHUSDT,2924.32,0.0024
2025-12-16 13:30:57,BTCUSDT,86027.99,6e-05
2025-12-16 13:30:57,ETHUSDT,2924.32,0.0024
2025-12-16 13:30:57,BTCUSDT,86027.99,6e-05
2025-12-16 13:30:57,ETHUSDT,2924.32,0.0033
2025-12-16 13:30:57,BTCUSDT,86027.99,6e-05
2025-12-16 13:30:57,ETHUSDT,2924.32,0.0024
2025-12-16 13:30:57,BTCUSDT,86027.53,6e-05
2025-12-16 13:30:57,BTCUSDT,86026.96,6e-05
2025-12-16 13:30:57,BTCUSDT,86026.04,9e-05
2025-12-16 13:30:58,BTCUSDT,86026.0,0.001
2025-12-16 13:30:58,BTCUSDT,86026.0,0.0008
2025-12-16 13:30:58,BTCUSDT,86025.99,7e-05
2025-12-16 13:30:58,BTCUSDT,86025.82,0.0045
2025-12-16 13:30:58,ETHUSDT,2924.32,0.043
2025-12-16 13:30:58,ETHUSDT,2924.32,0.0033

2025-12-16 13:30:58,ETHUSDT,2924.32,0.0027
2025-12-16 13:30:58,BTCUSDT,86025.83,0.00227
2025-12-16 13:30:58,ETHUSDT,2924.32,0.0027
2025-12-16 13:30:58,BTCUSDT,86025.83,0.03875
2025-12-16 13:30:58,ETHUSDT,2924.32,0.0027
2025-12-16 13:30:58,BTCUSDT,86025.83,7e-05
2025-12-16 13:30:58,ETHUSDT,2924.32,0.0024
2025-12-16 13:30:58,BTCUSDT,86025.82,0.00495
2025-12-16 13:30:58,ETHUSDT,2924.32,0.0024
2025-12-16 13:30:58,BTCUSDT,86025.83,8e-05
2025-12-16 13:30:58,ETHUSDT,2924.32,0.0027
2025-12-16 13:30:58,BTCUSDT,86025.83,8e-05
2025-12-16 13:30:58,ETHUSDT,2924.32,0.0027
2025-12-16 13:30:58,BTCUSDT,86025.83,8e-05
2025-12-16 13:30:58,ETHUSDT,2924.32,0.0027
2025-12-16 13:30:58,BTCUSDT,86025.83,8e-05
2025-12-16 13:30:59,BTCUSDT,86025.83,8e-05
2025-12-16 13:30:59,ETHUSDT,2924.32,0.0024
2025-12-16 13:30:59,BTCUSDT,86025.83,8e-05
2025-12-16 13:30:59,ETHUSDT,2924.32,0.0024
2025-12-16 13:30:59,BTCUSDT,86025.83,0.00012
2025-12-16 13:30:59,ETHUSDT,2924.32,0.0027

2025-12-16 13:30:59,ETHUSDT,2924.32,0.0024
2025-12-16 13:30:59,BTCUSDT,86025.83,0.0012
2025-12-16 13:30:59,ETHUSDT,2924.32,0.0027
2025-12-16 13:30:59,BTCUSDT,86025.83,8e-05
2025-12-16 13:30:59,ETHUSDT,2924.32,0.0027
2025-12-16 13:30:59,BTCUSDT,86025.83,8e-05
2025-12-16 13:30:59,ETHUSDT,2924.32,0.0024
2025-12-16 13:30:59,BTCUSDT,86025.83,0.06471
2025-12-16 13:30:59,ETHUSDT,2924.32,0.0018
2025-12-16 13:30:59,BTCUSDT,86025.83,0.00019
2025-12-16 13:30:59,ETHUSDT,2924.32,0.0024
2025-12-16 13:30:59,ETHUSDT,2924.32,0.0027
2025-12-16 13:30:59,BTCUSDT,86025.83,8e-05
2025-12-16 13:31:00,ETHUSDT,2924.32,0.0027
2025-12-16 13:31:00,BTCUSDT,86025.83,0.00012
2025-12-16 13:31:00,ETHUSDT,2924.32,0.0027
2025-12-16 13:31:00,BTCUSDT,86025.83,8e-05
2025-12-16 13:31:00,ETHUSDT,2924.32,0.0027
2025-12-16 13:31:00,BTCUSDT,86025.83,0.00012
2025-12-16 13:31:00,ETHUSDT,2924.32,0.0018
2025-12-16 13:31:00,BTCUSDT,86025.83,0.00585
2025-12-16 13:31:00,ETHUSDT,2924.32,0.0018
2025-12-16 13:31:00,BTCUSDT,86025.83,0.00012
2025-12-16 13:31:00,ETHUSDT,2924.32,0.0018
2025-12-16 13:31:00,BTCUSDT,86025.83,0.00012
2025-12-16 13:31:00,ETHUSDT,2924.32,0.0018
2025-12-16 13:31:00,BTCUSDT,86025.83,8e-05
2025-12-16 13:31:00,ETHUSDT,2924.32,0.0049
2025-12-16 13:31:01,ETHUSDT,2924.32,0.0018
2025-12-16 13:31:01,BTCUSDT,86025.83,8e-05
2025-12-16 13:31:01,BTCUSDT,86025.83,8e-05
2025-12-16 13:31:01,ETHUSDT,2924.32,0.0201
2025-12-16 13:31:01,BTCUSDT,86025.83,0.00411
2025-12-16 13:31:01,BTCUSDT,86025.83,8e-05
2025-12-16 13:31:01,BTCUSDT,86025.83,8e-05
2025-12-16 13:31:01,ETHUSDT,2924.33,0.0018
2025-12-16 13:31:01,ETHUSDT,2924.33,0.0018
2025-12-16 13:31:01,BTCUSDT,86025.83,8e-05
2025-12-16 13:31:01,ETHUSDT,2924.33,0.0018
2025-12-16 13:31:01,ETHUSDT,2924.36,0.0018
2025-12-16 13:31:01,BTCUSDT,86025.83,8e-05
2025-12-16 13:31:01,ETHUSDT,2924.36,0.0018
2025-12-16 13:31:01,BTCUSDT,86025.83,7e-05
2025-12-16 13:31:01,ETHUSDT,2924.36,0.0018
2025-12-16 13:31:01,BTCUSDT,86025.83,7e-05
2025-12-16 13:31:01,BTCUSDT,86025.83,8e-05
2025-12-16 13:31:01,ETHUSDT,2924.36,0.0018
2025-12-16 13:31:01,BTCUSDT,86025.83,6e-05
2025-12-16 13:31:02,ETHUSDT,2924.37,0.0681
2025-12-16 13:31:02,BTCUSDT,86025.83,6e-05
2025-12-16 13:31:02,ETHUSDT,2924.37,0.0027
2025-12-16 13:31:02,BTCUSDT,86025.83,8e-05
2025-12-16 13:31:02,BTCUSDT,86025.83,8e-05
2025-12-16 13:31:02,ETHUSDT,2924.37,0.0018
2025-12-16 13:31:02,ETHUSDT,2924.39,0.0018
2025-12-16 13:31:02,BTCUSDT,86025.83,0.00022
2025-12-16 13:31:02,ETHUSDT,2924.39,0.0017
2025-12-16 13:31:02,BTCUSDT,86025.83,8e-05
2025-12-16 13:31:02,ETHUSDT,2924.39,0.0007
2025-12-16 13:31:02,BTCUSDT,86025.83,8e-05
2025-12-16 13:31:02,ETHUSDT,2924.39,0.0027
2025-12-16 13:31:02,BTCUSDT,86025.83,8e-05
2025-12-16 13:31:02,ETHUSDT,2924.39,0.0001
2025-12-16 13:31:02,BTCUSDT,86025.83,6e-05
2025-12-16 13:31:02,BTCUSDT,86025.83,6e-05
2025-12-16 13:31:02,ETHUSDT,2924.39,0.0026
2025-12-16 13:31:02,BTCUSDT,86025.83,6e-05
2025-12-16 13:31:03,ETHUSDT,2924.39,0.0027
2025-12-16 13:31:03,BTCUSDT,86025.83,0.01705
2025-12-16 13:31:03,BTCUSDT,86025.83,0.001
2025-12-16 13:31:03,ETHUSDT,2924.39,0.0024
2025-12-16 13:31:03,BTCUSDT,86025.83,6e-05
2025-12-16 13:31:03,ETHUSDT,2924.39,0.0027
2025-12-16 13:31:03,BTCUSDT,86025.83,8e-05
2025-12-16 13:31:03,ETHUSDT,2924.39,0.0027
2025-12-16 13:31:04,ETHUSDT,2924.39,0.0024
2025-12-16 13:31:04,BTCUSDT,86025.83,0.03866
2025-12-16 13:31:04,BTCUSDT,86025.83,0.05976
2025-12-16 13:31:04,ETHUSDT,2924.39,0.0024
2025-12-16 13:31:04,ETHUSDT,2924.39,0.0027
2025-12-16 13:31:04,BTCUSDT,86025.83,0.12316
2025-12-16 13:31:04,ETHUSDT,2924.39,0.0027
2025-12-16 13:31:04,BTCUSDT,86025.82,0.00058
2025-12-16 13:31:04,ETHUSDT,2924.39,0.0033
2025-12-16 13:31:04,BTCUSDT,86025.82,0.0115
2025-12-16 13:31:04,ETHUSDT,2924.39,0.0024
2025-12-16 13:31:04,BTCUSDT,86025.82,0.00012
2025-12-16 13:31:04,ETHUSDT,2924.39,0.0018
2025-12-16 13:31:04,BTCUSDT,86025.82,0.00012
2025-12-16 13:31:04,ETHUSDT,2924.39,0.0018
2025-12-16 13:31:04,BTCUSDT,86025.82,0.0013
2025-12-16 13:31:04,ETHUSDT,2924.39,0.0702
2025-12-16 13:31:04,BTCUSDT,86025.82,0.02861
2025-12-16 13:31:04,ETHUSDT,2924.39,0.0018
2025-12-16 13:31:04,BTCUSDT,86025.82,0.00458
2025-12-16 13:31:04,ETHUSDT,2924.39,0.0024
2025-12-16 13:31:04,BTCUSDT,86025.82,0.00633
2025-12-16 13:31:04,BTCUSDT,86025.82,0.00012
2025-12-16 13:31:04,ETHUSDT,2924.39,0.0018
2025-12-16 13:31:04,BTCUSDT,86025.82,0.01207
2025-12-16 13:31:04,ETHUSDT,2924.39,0.0018
2025-12-16 13:31:05,BTCUSDT,86025.82,0.01253
2025-12-16 13:31:05,ETHUSDT,2924.39,0.0018
2025-12-16 13:31:05,BTCUSDT,86025.82,0.00012
2025-12-16 13:31:05,ETHUSDT,2924.39,0.0027
2025-12-16 13:31:05,BTCUSDT,86025.82,0.06547
2025-12-16 13:31:05,ETHUSDT,2924.39,0.0024
2025-12-16 13:31:05,BTCUSDT,86025.82,0.05774
2025-12-16 13:31:05,ETHUSDT,2924.39,0.0024
2025-12-16 13:31:05,BTCUSDT,86025.82,0.12959
2025-12-16 13:31:05,ETHUSDT,2924.39,0.0027
2025-12-16 13:31:05,BTCUSDT,86025.82,0.00012
2025-12-16 13:31:05,ETHUSDT,2924.39,0.0027

2025-12-16 13:31:05,ETHUSDT,2924.39,0.0024

2025-12-16 13:31:05,BTCUSDT,86025.82,6e-05
2025-12-16 13:31:05,ETHUSDT,2924.39,0.0024
2025-12-16 13:31:05,ETHUSDT,2924.39,0.0027
2025-12-16 13:31:06,ETHUSDT,2924.39,0.0027
2025-12-16 13:31:06,BTCUSDT,86025.82,6e-05
2025-12-16 13:31:06,BTCUSDT,86025.82,6e-05
2025-12-16 13:31:06,ETHUSDT,2924.39,0.0024
2025-12-16 13:31:06,ETHUSDT,2924.39,0.0024
2025-12-16 13:31:06,BTCUSDT,86025.82,6e-05
2025-12-16 13:31:06,ETHUSDT,2924.39,0.0027
2025-12-16 13:31:06,BTCUSDT,86025.82,0.00012
2025-12-16 13:31:06,ETHUSDT,2924.39,0.0033
2025-12-16 13:31:07,BTCUSDT,86025.82,6e-05
2025-12-16 13:31:07,ETHUSDT,2924.39,0.0018
2025-12-16 13:31:07,BTCUSDT,86025.82,6e-05
2025-12-16 13:31:07,ETHUSDT,2924.39,1.7347
2025-12-16 13:31:07,ETHUSDT,2924.39,0.0018

2025-12-16 13:31:07,BTCUSDT,86025.82,0.00633
2025-12-16 13:31:07,BTCUSDT,86025.82,0.00633
2025-12-16 13:31:07,ETHUSDT,2924.39,0.0024
2025-12-16 13:31:07,ETHUSDT,2924.39,0.0027
2025-12-16 13:31:07,BTCUSDT,86025.82,0.00118
2025-12-16 13:31:07,BTCUSDT,86025.81,6e-05
2025-12-16 13:31:07,ETHUSDT,2924.39,0.0018
2025-12-16 13:31:07,BTCUSDT,86025.81,6e-05
2025-12-16 13:31:07,ETHUSDT,2924.39,0.0024
2025-12-16 13:31:07,ETHUSDT,2924.39,0.0024
2025-12-16 13:31:07,BTCUSDT,86025.81,6e-05
2025-12-16 13:31:07,ETHUSDT,2924.39,0.0024
2025-12-16 13:31:07,BTCUSDT,86025.28,0.01188
2025-12-16 13:31:07,ETHUSDT,2924.39,0.0027
2025-12-16 13:31:07,BTCUSDT,86025.0,6e-05
2025-12-16 13:31:07,BTCUSDT,86024.95,6e-05
2025-12-16 13:31:07,ETHUSDT,2924.39,0.0024
2025-12-16 13:31:08,BTCUSDT,86024.1,0.0098
2025-12-16 13:31:08,ETHUSDT,2924.39,0.0024
2025-12-16 13:31:08,ETHUSDT,2924.39,0.0027
2025-12-16 13:31:08,BTCUSDT,86024.0,0.00058
2025-12-16 13:31:08,ETHUSDT,2924.39,0.0027
2025-12-16 13:31:08,ETHUSDT,2924.39,0.0027
2025-12-16 13:31:08,BTCUSDT,86024.0,0.00042
2025-12-16 13:31:08,ETHUSDT,2924.39,0.0027
2025-12-16 13:31:08,BTCUSDT,86024.0,0.0008
2025-12-16 13:31:08,ETHUSDT,2924.39,0.0033
2025-12-16 13:31:08,ETHUSDT,2924.39,0.0027
2025-12-16 13:31:08,BTCUSDT,86024.0,0.034
2025-12-16 13:31:08,ETHUSDT,2924.39,0.0033
2025-12-16 13:31:08,BTCUSDT,86023.41,0.02193
2025-12-16 13:31:08,ETHUSDT,2924.39,0.0018
2025-12-16 13:31:08,BTCUSDT,86023.41,0.00389
2025-12-16 13:31:08,ETHUSDT,2924.39,0.0018
2025-12-16 13:31:08,BTCUSDT,86023.23,6e-05
2025-12-16 13:31:08,ETHUSDT,2924.39,0.0027
2025-12-16 13:31:08,BTCUSDT,86022.62,7e-05
2025-12-16 13:31:08,BTCUSDT,86022.19,0.0014
2025-12-16 13:31:08,ETHUSDT,2924.39,0.0024
2025-12-16 13:31:08,BTCUSDT,86022.0,0.001
2025-12-16 13:31:08,ETHUSDT,2924.39,0.0024
2025-12-16 13:31:08,BTCUSDT,86022.0,0.0008
2025-12-16 13:31:08,ETHUSDT,2924.39,0.0018
2025-12-16 13:31:09,BTCUSDT,86022.0,6e-05
2025-12-16 13:31:09,ETHUSDT,2924.39,0.0018
2025-12-16 13:31:09,BTCUSDT,86020.0,0.001
2025-12-16 13:31:09,ETHUSDT,2924.4,0.0018
2025-12-16 13:31:09,BTCUSDT,86020.0,0.0008
2025-12-16 13:31:09,ETHUSDT,2924.4,0.0018
2025-12-16 13:31:09,BTCUSDT,86019.94,0.0015
2025-12-16 13:31:09,BTCUSDT,86019.84,0.0025
2025-12-16 13:31:09,ETHUSDT,2924.4,0.0018
2025-12-16 13:31:09,BTCUSDT,86019.36,0.0014
2025-12-16 13:31:09,ETHUSDT,2924.4,0.0018
2025-12-16 13:31:09,BTCUSDT,86019.32,7e-05
2025-12-16 13:31:09,BTCUSDT,86019.25,7e-05
2025-12-16 13:31:09,BTCUSDT,86018.85,0.38372
2025-12-16 13:31:09,ETHUSDT,2924.4,0.0018
2025-12-16 13:31:09,BTCUSDT,86018.53,6e-05
2025-12-16 13:31:10,ETHUSDT,2924.4,0.0018
2025-12-16 13:31:10,BTCUSDT,86018.0,0.001
2025-12-16 13:31:10,ETHUSDT,2924.4,0.0018
2025-12-16 13:31:10,BTCUSDT,86018.0,0.0008
2025-12-16 13:31:10,ETHUSDT,2924.4,0.0018
2025-12-16 13:31:10,BTCUSDT,86018.0,0.1
2025-12-16 13:31:10,ETHUSDT,2924.4,0.0018
2025-12-16 13:31:10,BTCUSDT,86017.41,9e-05
2025-12-16 13:31:10,ETHUSDT,2924.41,0.0018
2025-12-16 13:31:10,ETHUSDT,2924.42,0.0018
2025-12-16 13:31:10,BTCUSDT,86017.68,6e-05
2025-12-16 13:31:10,ETHUSDT,2924.42,0.0018
2025-12-16 13:31:10,BTCUSDT,86017.67,6e-05
2025-12-16 13:31:10,ETHUSDT,2924.43,0.0018
2025-12-16 13:31:10,BTCUSDT,86017.67,6e-05
2025-12-16 13:31:10,ETHUSDT,2924.44,0.0018
2025-12-16 13:31:10,BTCUSDT,86018.0,6e-05
2025-12-16 13:31:11,ETHUSDT,2924.45,0.0018
2025-12-16 13:31:11,BTCUSDT,86018.0,1e-05
2025-12-16 13:31:11,ETHUSDT,2924.45,0.005
2025-12-16 13:31:11,BTCUSDT,86018.0,5e-05
2025-12-16 13:31:11,ETHUSDT,2924.46,0.0018
2025-12-16 13:31:11,BTCUSDT,86018.0,6e-05
2025-12-16 13:31:11,ETHUSDT,2924.47,0.0018
2025-12-16 13:31:11,ETHUSDT,2924.49,0.0018
2025-12-16 13:31:11,BTCUSDT,86017.99,6e-05
2025-12-16 13:31:11,ETHUSDT,2924.55,0.016
2025-12-16 13:31:11,BTCUSDT,86017.99,6e-05
2025-12-16 13:31:11,ETHUSDT,2924.58,0.002
2025-12-16 13:31:11,BTCUSDT,86017.99,6e-05
2025-12-16 13:31:11,ETHUSDT,2924.58,0.0221
2025-12-16 13:31:11,BTCUSDT,86017.99,6e-05
2025-12-16 13:31:12,ETHUSDT,2924.58,0.0027
2025-12-16 13:31:12,BTCUSDT,86017.99,6e-05
2025-12-16 13:31:12,ETHUSDT,2924.58,0.0027
2025-12-16 13:31:12,BTCUSDT,86017.99,6e-05
2025-12-16 13:31:12,ETHUSDT,2924.58,0.0024
2025-12-16 13:31:12,BTCUSDT,86017.68,6e-05
2025-12-16 13:31:12,BTCUSDT,86017.68,6e-05
2025-12-16 13:31:12,ETHUSDT,2924.58,0.0018
2025-12-16 13:31:12,ETHUSDT,2924.58,0.0018
2025-12-16 13:31:12,BTCUSDT,86017.68,6e-05
2025-12-16 13:31:12,BTCUSDT,86017.68,6e-05
2025-12-16 13:31:12,ETHUSDT,2924.58,0.0024
2025-12-16 13:31:12,BTCUSDT,86017.67,6e-05
2025-12-16 13:31:12,ETHUSDT,2924.58,0.0033
2025-12-16 13:31:12,BTCUSDT,86017.67,6e-05
2025-12-16 13:31:12,ETHUSDT,2924.58,0.0018
2025-12-16 13:31:12,BTCUSDT,86017.67,6e-05
2025-12-16 13:31:12,BTCUSDT,86017.67,6e-05
2025-12-16 13:31:13,ETHUSDT,2924.58,0.0024
2025-12-16 13:31:13,BTCUSDT,86017.67,6e-05
2025-12-16 13:31:13,ETHUSDT,2924.58,0.0027
2025-12-16 13:31:13,BTCUSDT,86017.67,6e-05
2025-12-16 13:31:13,BTCUSDT,86017.67,6e-05
2025-12-16 13:31:13,ETHUSDT,2924.58,0.0027
2025-12-16 13:31:13,ETHUSDT,2924.58,0.0027
2025-12-16 13:31:13,BTCUSDT,86017.67,6e-05
2025-12-16 13:31:13,BTCUSDT,86017.4,6e-05
2025-12-16 13:31:13,ETHUSDT,2924.58,0.0027
2025-12-16 13:31:13,BTCUSDT,86017.4,6e-05
2025-12-16 13:31:13,BTCUSDT,86017.11,0.00012
2025-12-16 13:31:13,ETHUSDT,2924.58,0.0018
2025-12-16 13:31:13,BTCUSDT,86016.87,0.00062
2025-12-16 13:31:13,ETHUSDT,2924.58,0.0024
2025-12-16 13:31:13,ETHUSDT,2924.58,0.0024
2025-12-16 13:31:13,BTCUSDT,86016.87,0.00238
2025-12-16 13:31:13,ETHUSDT,2924.58,0.0018
2025-12-16 13:31:13,BTCUSDT,86016.02,0.00149
2025-12-16 13:31:13,ETHUSDT,2924.58,0.0018
2025-12-16 13:31:13,BTCUSDT,86016.0,0.001
2025-12-16 13:31:13,BTCUSDT,86016.0,0.0008
2025-12-16 13:31:14,ETHUSDT,2924.58,0.0018
2025-12-16 13:31:14,BTCUSDT,86015.88,7e-05
2025-12-16 13:31:14,ETHUSDT,2924.58,0.0033
2025-12-16 13:31:14,BTCUSDT,86015.29,0.00123
2025-12-16 13:31:14,ETHUSDT,2924.58,0.0018

2025-12-16 13:31:14,BTCUSDT,86015.29,0.00051
2025-12-16 13:31:14,ETHUSDT,2924.58,0.0018
2025-12-16 13:31:14,ETHUSDT,2924.58,0.0018
2025-12-16 13:31:14,BTCUSDT,86014.92,6e-05
2025-12-16 13:31:14,BTCUSDT,86014.81,0.00058
2025-12-16 13:31:14,ETHUSDT,2924.57,0.1462
2025-12-16 13:31:14,BTCUSDT,86014.32,6e-05
2025-12-16 13:31:15,BTCUSDT,86014.0,0.001
2025-12-16 13:31:15,ETHUSDT,2924.58,0.0018
2025-12-16 13:31:15,BTCUSDT,86013.36,0.0025
2025-12-16 13:31:15,ETHUSDT,2924.58,0.0003
2025-12-16 13:31:15,BTCUSDT,86012.92,0.0003
2025-12-16 13:31:15,ETHUSDT,2924.57,0.017
2025-12-16 13:31:15,BTCUSDT,86012.92,0.0012
2025-12-16 13:31:15,BTCUSDT,86012.92,0.00279
2025-12-16 13:31:15,ETHUSDT,2924.57,0.1381
2025-12-16 13:31:15,BTCUSDT,86012.74,0.00116
2025-12-16 13:31:15,ETHUSDT,2924.57,0.0667
2025-12-16 13:31:15,BTCUSDT,86012.66,0.00012
2025-12-16 13:31:16,ETHUSDT,2924.58,0.0021
2025-12-16 13:31:16,BTCUSDT,86012.51,7e-05
2025-12-16 13:31:16,ETHUSDT,2924.58,0.0027
2025-12-16 13:31:16,BTCUSDT,86012.0,0.0008
2025-12-16 13:31:16,ETHUSDT,2924.58,0.0024
2025-12-16 13:31:16,BTCUSDT,86012.0,0.00083
2025-12-16 13:31:16,ETHUSDT,2924.58,0.0027
2025-12-16 13:31:16,BTCUSDT,86012.0,0.00017
2025-12-16 13:31:16,ETHUSDT,2924.58,0.0027
2025-12-16 13:31:16,BTCUSDT,86011.88,0.0068
2025-12-16 13:31:16,ETHUSDT,2924.58,0.0024
2025-12-16 13:31:16,BTCUSDT,86011.88,0.00017
2025-12-16 13:31:16,ETHUSDT,2924.58,0.0024
2025-12-16 13:31:16,BTCUSDT,86010.85,0.003
2025-12-16 13:31:16,BTCUSDT,86010.76,6e-05
2025-12-16 13:31:16,ETHUSDT,2924.58,0.0024
2025-12-16 13:31:16,BTCUSDT,86010.51,0.00012
2025-12-16 13:31:16,ETHUSDT,2924.58,0.0027
2025-12-16 13:31:17,ETHUSDT,2924.58,0.0024
2025-12-16 13:31:17,BTCUSDT,86010.1,6e-05
2025-12-16 13:31:17,ETHUSDT,2924.58,0.0027
2025-12-16 13:31:17,BTCUSDT,86010.0,8e-05
2025-12-16 13:31:17,ETHUSDT,2924.58,0.0027
2025-12-16 13:31:17,BTCUSDT,86012.0,6e-05
2025-12-16 13:31:17,ETHUSDT,2924.58,0.0027
2025-12-16 13:31:17,ETHUSDT,2924.58,0.0033
2025-12-16 13:31:17,BTCUSDT,86012.0,6e-05
2025-12-16 13:31:17,ETHUSDT,2924.58,0.0024
2025-12-16 13:31:17,ETHUSDT,2924.58,0.0027
2025-12-16 13:31:18,BTCUSDT,86012.0,6e-05
2025-12-16 13:31:18,ETHUSDT,2924.58,0.0018
2025-12-16 13:31:18,BTCUSDT,86012.0,6e-05
2025-12-16 13:31:18,ETHUSDT,2924.58,0.0033
2025-12-16 13:31:18,BTCUSDT,86012.0,6e-05
2025-12-16 13:31:18,ETHUSDT,2924.58,0.0027
2025-12-16 13:31:18,BTCUSDT,86012.0,6e-05
2025-12-16 13:31:18,ETHUSDT,2924.58,0.0024
2025-12-16 13:31:18,BTCUSDT,86012.0,6e-05
2025-12-16 13:31:18,ETHUSDT,2924.58,0.0027
2025-12-16 13:31:18,BTCUSDT,86012.0,6e-05
2025-12-16 13:31:18,ETHUSDT,2924.58,0.0024
2025-12-16 13:31:19,ETHUSDT,2924.58,0.0027
2025-12-16 13:31:19,BTCUSDT,86012.0,6e-05
2025-12-16 13:31:19,ETHUSDT,2924.58,0.0024
2025-12-16 13:31:19,BTCUSDT,86012.0,6e-05
2025-12-16 13:31:19,ETHUSDT,2924.58,0.0027
2025-12-16 13:31:19,BTCUSDT,86012.0,6e-05
2025-12-16 13:31:19,ETHUSDT,2924.58,0.0024
2025-12-16 13:31:19,ETHUSDT,2924.58,0.0161
2025-12-16 13:31:19,BTCUSDT,86012.0,6e-05
2025-12-16 13:31:19,BTCUSDT,86011.99,6e-05
2025-12-16 13:31:19,BTCUSDT,86011.99,6e-05
2025-12-16 13:31:19,ETHUSDT,2924.58,0.0018
2025-12-16 13:31:19,BTCUSDT,86011.99,6e-05
2025-12-16 13:31:19,ETHUSDT,2924.58,0.0024
2025-12-16 13:31:19,BTCUSDT,86011.99,6e-05
2025-12-16 13:31:19,ETHUSDT,2924.58,0.0033
2025-12-16 13:31:19,BTCUSDT,86011.99,6e-05
2025-12-16 13:31:19,ETHUSDT,2924.58,0.0018
2025-12-16 13:31:19,ETHUSDT,2924.58,0.0212
2025-12-16 13:31:20,BTCUSDT,86011.99,6e-05
2025-12-16 13:31:20,ETHUSDT,2924.58,0.0834
2025-12-16 13:31:20,BTCUSDT,86011.99,6e-05
2025-12-16 13:31:20,ETHUSDT,2924.57,0.0052
2025-12-16 13:31:20,BTCUSDT,86011.99,6e-05
2025-12-16 13:31:20,ETHUSDT,2924.58,0.0027
2025-12-16 13:31:20,BTCUSDT,86011.99,6e-05
2025-12-16 13:31:20,ETHUSDT,2924.58,0.0027
2025-12-16 13:31:20,BTCUSDT,86011.99,6e-05
2025-12-16 13:31:20,ETHUSDT,2924.58,0.0024
2025-12-16 13:31:20,BTCUSDT,86011.88,6e-05
2025-12-16 13:31:20,BTCUSDT,86011.88,6e-05
2025-12-16 13:31:20,ETHUSDT,2924.58,0.0027
2025-12-16 13:31:21,BTCUSDT,86011.88,6e-05
2025-12-16 13:31:21,ETHUSDT,2924.58,0.0018
2025-12-16 13:31:21,ETHUSDT,2924.58,0.0024
2025-12-16 13:31:21,BTCUSDT,86011.88,6e-05
2025-12-16 13:31:21,BTCUSDT,86011.88,6e-05
2025-12-16 13:31:21,BTCUSDT,86011.88,6e-05
2025-12-16 13:31:21,ETHUSDT,2924.58,0.0027
2025-12-16 13:31:21,BTCUSDT,86011.87,6e-05
2025-12-16 13:31:21,ETHUSDT,2924.58,0.0024
2025-12-16 13:31:21,BTCUSDT,86011.87,6e-05
2025-12-16 13:31:21,ETHUSDT,2924.58,0.0024
2025-12-16 13:31:21,BTCUSDT,86011.87,6e-05
2025-12-16 13:31:21,ETHUSDT,2924.58,0.0027
2025-12-16 13:31:21,BTCUSDT,86011.87,6e-05
2025-12-16 13:31:21,ETHUSDT,2924.58,0.0024
2025-12-16 13:31:21,BTCUSDT,86011.87,6e-05
2025-12-16 13:31:21,BTCUSDT,86011.87,6e-05
2025-12-16 13:31:21,ETHUSDT,2924.58,0.0024
2025-12-16 13:31:21,BTCUSDT,86011.87,6e-05
2025-12-16 13:31:22,BTCUSDT,86011.87,6e-05
2025-12-16 13:31:22,ETHUSDT,2924.58,0.0027
2025-12-16 13:31:22,BTCUSDT,86011.87,6e-05
2025-12-16 13:31:22,ETHUSDT,2924.58,0.0033
2025-12-16 13:31:22,BTCUSDT,86011.87,6e-05
2025-12-16 13:31:22,ETHUSDT,2924.58,0.0027
2025-12-16 13:31:22,BTCUSDT,86011.87,6e-05
2025-12-16 13:31:22,ETHUSDT,2924.58,0.0107
2025-12-16 13:31:22,BTCUSDT,86010.0,0.00022
2025-12-16 13:31:22,ETHUSDT,2924.58,0.0027
2025-12-16 13:31:22,BTCUSDT,86010.0,0.0005
2025-12-16 13:31:22,ETHUSDT,2924.58,0.0024
2025-12-16 13:31:22,BTCUSDT,86010.0,0.001

2025-12-16 13:31:22,ETHUSDT,2924.58,0.0018
2025-12-16 13:31:22,BTCUSDT,86010.0,0.00099
2025-12-16 13:31:22,ETHUSDT,2924.58,0.0018
2025-12-16 13:31:22,BTCUSDT,86010.0,0.00545
2025-12-16 13:31:23,ETHUSDT,2924.58,0.304
2025-12-16 13:31:23,BTCUSDT,86009.14,7e-05
2025-12-16 13:31:23,ETHUSDT,2924.58,0.6019
2025-12-16 13:31:23,BTCUSDT,86008.78,9e-05
2025-12-16 13:31:23,ETHUSDT,2924.58,1.5581
2025-12-16 13:31:23,BTCUSDT,86008.62,0.001
2025-12-16 13:31:23,ETHUSDT,2924.58,0.0027
2025-12-16 13:31:23,BTCUSDT,86008.38,6e-05
2025-12-16 13:31:23,ETHUSDT,2924.58,0.0027
2025-12-16 13:31:23,ETHUSDT,2924.58,0.0027
2025-12-16 13:31:23,BTCUSDT,86008.0,0.0008
2025-12-16 13:31:23,ETHUSDT,2924.58,0.0024
2025-12-16 13:31:23,BTCUSDT,86007.28,0.00153
2025-12-16 13:31:23,ETHUSDT,2924.58,0.0024
2025-12-16 13:31:24,BTCUSDT,86007.28,0.011
2025-12-16 13:31:24,ETHUSDT,2924.58,0.0024
2025-12-16 13:31:24,BTCUSDT,86009.52,0.00268
2025-12-16 13:31:24,ETHUSDT,2924.58,0.0027
2025-12-16 13:31:24,BTCUSDT,86009.52,0.00268
2025-12-16 13:31:24,ETHUSDT,2924.58,0.0024
2025-12-16 13:31:24,BTCUSDT,86009.52,0.0015
2025-12-16 13:31:24,BTCUSDT,86009.52,0.00445
2025-12-16 13:31:24,ETHUSDT,2924.58,0.0027
2025-12-16 13:31:24,ETHUSDT,2924.58,0.0027
2025-12-16 13:31:24,BTCUSDT,86009.52,0.00468
2025-12-16 13:31:24,ETHUSDT,2924.58,0.0018
2025-12-16 13:31:24,BTCUSDT,86009.52,0.00578
2025-12-16 13:31:24,ETHUSDT,2924.58,0.0027
2025-12-16 13:31:24,BTCUSDT,86009.52,0.00641
2025-12-16 13:31:24,ETHUSDT,2924.58,0.0033
2025-12-16 13:31:25,BTCUSDT,86009.52,0.00209
2025-12-16 13:31:25,ETHUSDT,2924.59,0.0018
2025-12-16 13:31:25,BTCUSDT,86009.52,6e-05
2025-12-16 13:31:25,ETHUSDT,2924.59,0.0018
2025-12-16 13:31:25,BTCUSDT,86009.52,6e-05
2025-12-16 13:31:25,ETHUSDT,2924.59,0.0018
2025-12-16 13:31:25,BTCUSDT,86009.52,6e-05
2025-12-16 13:31:25,ETHUSDT,2924.59,0.0018
2025-12-16 13:31:25,BTCUSDT,86009.52,6e-05
2025-12-16 13:31:25,BTCUSDT,86009.52,6e-05
2025-12-16 13:31:25,ETHUSDT,2924.59,0.0018
2025-12-16 13:31:25,BTCUSDT,86009.52,6e-05
2025-12-16 13:31:25,ETHUSDT,2924.6,0.002
2025-12-16 13:31:26,BTCUSDT,86009.52,0.00061
2025-12-16 13:31:26,ETHUSDT,2924.6,0.0018
2025-12-16 13:31:26,BTCUSDT,86009.52,0.00231
2025-12-16 13:31:26,ETHUSDT,2924.61,0.0408
2025-12-16 13:31:26,ETHUSDT,2924.61,0.0018

2025-12-16 13:31:26,ETHUSDT,2924.62,0.0018

2025-12-16 13:31:26,ETHUSDT,2924.62,0.0018
2025-12-16 13:31:26,BTCUSDT,86009.52,0.03408
2025-12-16 13:31:26,ETHUSDT,2924.62,0.005
2025-12-16 13:31:26,ETHUSDT,2924.63,0.0018
2025-12-16 13:31:26,BTCUSDT,86009.52,0.01264
2025-12-16 13:31:26,ETHUSDT,2924.63,0.0018
2025-12-16 13:31:26,BTCUSDT,86009.53,0.00085
2025-12-16 13:31:26,ETHUSDT,2924.65,0.0018
2025-12-16 13:31:26,ETHUSDT,2924.65,0.0018
2025-12-16 13:31:26,BTCUSDT,86009.53,0.00231
2025-12-16 13:31:27,ETHUSDT,2924.65,0.0018
2025-12-16 13:31:27,BTCUSDT,86009.52,0.00098
2025-12-16 13:31:27,ETHUSDT,2924.65,0.0018
2025-12-16 13:31:27,BTCUSDT,86009.52,0.004
2025-12-16 13:31:27,ETHUSDT,2924.66,0.2767
2025-12-16 13:31:27,BTCUSDT,86009.52,0.002
2025-12-16 13:31:27,ETHUSDT,2924.65,1.9943
2025-12-16 13:31:27,BTCUSDT,86009.52,0.011
2025-12-16 13:31:27,ETHUSDT,2924.65,1.3283
2025-12-16 13:31:27,ETHUSDT,2924.65,1.1276
2025-12-16 13:31:27,BTCUSDT,86009.52,8e-05
2025-12-16 13:31:27,ETHUSDT,2924.65,0.8405
2025-12-16 13:31:27,BTCUSDT,86009.52,0.00098
2025-12-16 13:31:27,ETHUSDT,2924.65,0.7225
2025-12-16 13:31:27,BTCUSDT,86009.53,0.0012
2025-12-16 13:31:28,ETHUSDT,2924.65,0.3014
2025-12-16 13:31:28,BTCUSDT,86009.53,0.00523
2025-12-16 13:31:28,ETHUSDT,2924.65,1.8575
2025-12-16 13:31:28,ETHUSDT,2924.65,0.9743
2025-12-16 13:31:28,BTCUSDT,86009.53,0.01789
2025-12-16 13:31:28,ETHUSDT,2924.65,0.3904

2025-12-16 13:31:28,BTCUSDT,86009.53,8e-05
2025-12-16 13:31:28,BTCUSDT,86009.53,8e-05
2025-12-16 13:31:28,ETHUSDT,2924.65,0.279
2
2025-12-16 13:31:28,ETHUSDT,2924.65,0.0033
2025-12-16 13:31:28,ETHUSDT,2924.65,0.0033
2025-12-16 13:31:28,BTCUSDT,86009.53,8e-05
2025-12-16 13:31:28,ETHUSDT,2924.65,0.0501
2025-12-16 13:31:29,BTCUSDT,86009.53,8e-05
2025-12-16 13:31:29,ETHUSDT,2924.65,0.0024
2025-12-16 13:31:29,BTCUSDT,86009.53,8e-05
2025-12-16 13:31:29,ETHUSDT,2924.65,0.0024
2025-12-16 13:31:29,BTCUSDT,86009.53,8e-05
2025-12-16 13:31:29,ETHUSDT,2924.65,0.0024
2025-12-16 13:31:29,ETHUSDT,2924.65,0.0024
2025-12-16 13:31:29,BTCUSDT,86009.53,0.01547
2025-12-16 13:31:29,BTCUSDT,86009.53,8e-05
2025-12-16 13:31:29,ETHUSDT,2924.65,0.0024
2025-12-16 13:31:29,BTCUSDT,86009.53,8e-05
2025-12-16 13:31:29,ETHUSDT,2924.65,0.001
2025-12-16 13:31:29,ETHUSDT,2924.65,0.0014
2025-12-16 13:31:29,BTCUSDT,86009.53,0.00031
2025-12-16 13:31:29,ETHUSDT,2924.65,0.0493
2025-12-16 13:31:29,BTCUSDT,86009.53,0.00012
2025-12-16 13:31:29,ETHUSDT,2924.65,0.0496
2025-12-16 13:31:29,BTCUSDT,86009.53,0.00012
2025-12-16 13:31:29,ETHUSDT,2924.65,0.0033
2025-12-16 13:31:30,BTCUSDT,86009.53,0.00012
2025-12-16 13:31:30,ETHUSDT,2924.65,0.0018
2025-12-16 13:31:30,BTCUSDT,86009.53,0.00012
2025-12-16 13:31:30,ETHUSDT,2924.65,0.0024
2025-12-16 13:31:30,BTCUSDT,86009.53,0.00012
2025-12-16 13:31:30,ETHUSDT,2924.65,0.0018
2025-12-16 13:31:30,BTCUSDT,86009.53,0.00585
2025-12-16 13:31:30,BTCUSDT,86009.53,8e-05
2025-12-16 13:31:30,ETHUSDT,2924.65,0.0018
2025-12-16 13:31:30,BTCUSDT,86009.53,8e-05
2025-12-16 13:31:30,ETHUSDT,2924.65,0.0024
2025-12-16 13:31:30,BTCUSDT,86009.53,8e-05
2025-12-16 13:31:30,ETHUSDT,2924.65,0.0196
2025-12-16 13:31:30,BTCUSDT,86009.53,0.00012
2025-12-16 13:31:30,BTCUSDT,86009.53,0.04103
2025-12-16 13:31:30,ETHUSDT,2924.65,0.0024
2025-12-16 13:31:30,ETHUSDT,2924.65,0.0024
2025-12-16 13:31:31,ETHUSDT,2924.65,0.0018
2025-12-16 13:31:31,BTCUSDT,86009.53,8e-05
2025-12-16 13:31:31,ETHUSDT,2924.64,0.05
2025-12-16 13:31:31,BTCUSDT,86009.53,0.0065
2025-12-16 13:31:31,ETHUSDT,2924.64,0.0018
2025-12-16 13:31:31,BTCUSDT,86009.53,0.00044
2025-12-16 13:31:31,ETHUSDT,2924.63,0.0018
2025-12-16 13:31:31,BTCUSDT,86009.53,8e-05
2025-12-16 13:31:31,ETHUSDT,2924.63,0.0018
2025-12-16 13:31:31,BTCUSDT,86009.53,8e-05
2025-12-16 13:31:31,BTCUSDT,86009.53,8e-05
2025-12-16 13:31:31,ETHUSDT,2924.63,0.0018
2025-12-16 13:31:31,BTCUSDT,86009.53,0.00041
2025-12-16 13:31:31,ETHUSDT,2924.63,0.0018
2025-12-16 13:31:31,BTCUSDT,86009.53,8e-05
2025-12-16 13:31:31,ETHUSDT,2924.62,0.0018
2025-12-16 13:31:31,BTCUSDT,86009.53,0.0349
2025-12-16 13:31:32,ETHUSDT,2924.58,0.0018
2025-12-16 13:31:32,BTCUSDT,86009.53,8e-05
2025-12-16 13:31:32,ETHUSDT,2924.58,0.0018
2025-12-16 13:31:32,ETHUSDT,2924.57,0.0018
2025-12-16 13:31:32,BTCUSDT,86009.53,8e-05
2025-12-16 13:31:32,ETHUSDT,2924.56,0.0018
2025-12-16 13:31:32,BTCUSDT,86009.53,7e-05
2025-12-16 13:31:32,ETHUSDT,2924.56,0.0018
2025-12-16 13:31:32,BTCUSDT,86009.53,7e-05
2025-12-16 13:31:32,BTCUSDT,86009.53,8e-05
2025-12-16 13:31:32,ETHUSDT,2924.56,0.0018
2025-12-16 13:31:32,ETHUSDT,2924.56,0.0018
2025-12-16 13:31:32,BTCUSDT,86009.53,8e-05
2025-12-16 13:31:32,ETHUSDT,2924.55,0.0018
2025-12-16 13:31:32,BTCUSDT,86009.53,8e-05
2025-12-16 13:31:32,ETHUSDT,2924.55,0.0018
2025-12-16 13:31:33,BTCUSDT,86009.53,8e-05
2025-12-16 13:31:33,ETHUSDT,2924.54,0.0018
2025-12-16 13:31:33,BTCUSDT,86009.53,8e-05
2025-12-16 13:31:33,ETHUSDT,2924.53,0.005
2025-12-16 13:31:33,BTCUSDT,86009.53,6e-05
2025-12-16 13:31:33,BTCUSDT,86009.53,6e-05
2025-12-16 13:31:33,BTCUSDT,86009.53,0.00758
2025-12-16 13:31:33,ETHUSDT,2924.53,0.0024
2025-12-16 13:31:33,BTCUSDT,86009.53,0.0036
2025-12-16 13:31:33,ETHUSDT,2924.53,0.0024
2025-12-16 13:31:33,BTCUSDT,86009.53,0.00232
2025-12-16 13:31:33,ETHUSDT,2924.53,0.0027
2025-12-16 13:31:34,BTCUSDT,86009.53,0.01
2025-12-16 13:31:34,ETHUSDT,2924.53,0.0024
2025-12-16 13:31:34,BTCUSDT,86009.53,8e-05
2025-12-16 13:31:34,ETHUSDT,2924.53,0.0027
2025-12-16 13:31:34,BTCUSDT,86009.53,0.00131
2025-12-16 13:31:34,ETHUSDT,2924.53,0.0024
2025-12-16 13:31:34,BTCUSDT,86009.53,0.00078
2025-12-16 13:31:34,ETHUSDT,2924.47,0.016
2025-12-16 13:31:34,BTCUSDT,86009.53,8e-05
2025-12-16 13:31:34,ETHUSDT,2924.47,0.0018
